2667 4159
70 196 98 245 B.
112 194 141 245 G.
156 194 187 245 ll.
202 194 239 263 5.]
355 176 550 243 Converztz'on
575 178 657 241 with
681 178 734 242 tlte
756 179 867 242 Remi.
1121 195 1159 261 37

69 371 283 455 Rhenumque
308 371 493 455 antiquitus
518 371 691 435 traductos
716 380 852 454 propter
876 372 940 435 loci
967 369 1118 436 fertilita-

68 479 128 530 tem
158 470 203 530 ibi
226 470 431 543 consedisse,
458 469 639 551 Gallosque
671 469 727 551 qui
759 490 798 531 ea
829 469 901 532 loca
931 470 1117 534 incolerent

67 565 232 648 expulisse,
259 567 415 648 solosque
439 586 514 629 esse
537 566 603 649 qui,
626 576 759 647 patrum
783 576 973 630 nostrorum
997 587 1118 630 memo-

67 664 116 740 ria,
148 664 238 726 omni
274 663 383 727 Gallia
413 673 540 738 vexata,
573 665 748 727 Teutonos
780 663 1000 746 Cimbrosque
1030 664 1118 727 intra

66 762 143 824 fines
174 782 253 825 suos
285 761 417 843 ingredi
447 760 700 843 prohibuerint;
723 782 787 843 qua
817 782 858 825 ex
888 782 923 823 re
954 761 1026 825 fieri
1057 762 1116 839 uti,
1148 784 1161 837 5

65 878 171 920 earum
187 879 295 922 rerum
317 858 485 934 memoria,
503 878 658 941 maguam
685 858 749 921 sibi
771 858 1005 922 auctoritatem
1029 880 1119 941 mag·

65 976 185 1039 nosque
210 957 347 1039 spiritus
371 956 405 1018 in
428 977 464 1019 re
489 956 623 1019 militari
646 966 827 1021 sumerent.
874 953 953 1020 ³De
977 976 1117 1019 numero

65 1074 172 1117 eorum
211 1054 324 1116 omnia
353 1074 398 1121 ‚se
437 1054 560 1117 habere
599 1054 771 1137 explorata
809 1054 908 1117 Remi
948 1054 1116 1129 dicebant,

66 1162 235 1233 propterea
265 1150 353 1234 quod
385 1151 690 1234 propinquitatibus
720 1151 1015 1234 adfinitatibusque
1043 1172 1118 1216 con-

65 1249 175 1329 juncti,
214 1259 373 1333 quantam
411 1249 553 1332 quisque
591 1248 840 1313 multitudinem
876 1249 910 1311 in
948 1250 1118 1312 communi
1133 1272 1163 1308 ro

67 1347 237 1429 Belgarum
262 1346 403 1411 concilio
425 1348 467 1411 ad
490 1346 524 1408 id
548 1346 672 1409 bellum
696 1346 864 1428 pollicitus
888 1346 933 1409 sit
956 1367 1119 1429 cognove-

66 1445 135 1508 rint.
180 1442 388 1507 4Plurimum
426 1444 515 1507 inter
546 1464 605 1507 eos
636 1443 832 1507 Bellovacos
862 1454 897 1507 et
928 1443 1053 1507 virtute
1083 1455 1117 1509 et

66 1542 259 1605 auctoritate
295 1552 328 1605 et
366 1542 539 1605 hominum
578 1562 718 1605 numero
749 1543 883 1606 valere:
918 1541 980 1605 hos
1019 1562 1118 1625 posse

67 1640 225 1705 conficere
242 1651 370 1703 armata
386 1640 476 1703 milia
492 1649 637 1714 centurn,
655 1639 822 1722 pollicitos
850 1660 891 1702 ex
915 1660 955 1702 eo
978 1660 1118 1703 numero

67 1737 168 1801 electa
183 1738 365 1820 sexaginta,
382 1738 552 1819 totiusque
571 1737 649 1799 belli
667 1737 841 1819 imperium
859 1737 922 1800 sibi
938 1737 1116 1818 postulare.
1134 1760 1162 1812 ¹5

69 1835 261 1898 Suessiones
301 1855 378 1898 suos
416 1856 492 1899 esse
530 1836 716 1901 finitimos:
746 1834 928 1898 latissimos
957 1833 1121 1899 feracissi-

68 1954 200 2017 mosque
236 1955 335 2017 agros
373 1934 552 2016 possidere.
598 1929 728 2015 ⁵Apud
765 1954 824 1997 eos
862 1932 967 1998 fuisse
1004 1956 1118 2017 regem

68 2042 177 2095 nostra
192 2032 292 2095 etiam
310 2031 471 2103 memoria
491 2031 706 2106 Divitiacum,
723 2032 828 2094 totius
854 2032 982 2096 Galliae
1006 2043 1120 2116 poten-

68 2128 236 2207 tissimum,
268 2129 325 2213 qui
356 2151 432 2192 cum
465 2150 607 2212 maguae
638 2129 742 2211 partis
781 2130 896 2191 harum
936 2130 1118 2212 regionum,

68 2234 135 2289 tum
158 2228 258 2290 etiarn
284 2227 479 2291 Britanniae
502 2226 678 2309 imperium
702 2226 907 2291 obtinuerit:
931 2249 1021 2293 nunc
1044 2249 1120 2294 esse
1133 2253 1165 2287 20

70 2344 175 2406 regem
204 2324 367 2401 Galbam3
397 2324 439 2387 ad
470 2324 559 2388 hunc
590 2334 728 2407 propter
757 2324 921 2407 justitiam
953 2327 1121 2408 prudenti-

70 2441 181 2505 amque
212 2444 306 2485 suam
338 2421 444 2485 totius
474 2422 553 2485 belli
577 2443 742 2486 summam
773 2423 922 2486 omnium
946 2425 1120 2487 voluntate

19 2562 21 2567 -
71 2516 203 2586 deferri:
239 2518 388 2603 ⁶oppida
419 2520 541 2583 habere
580 2540 719 2583 numero
758 2539 818 2596 xrr,
851 2520 999 2603 polliceri
1030 2522 1121 2586 milia

71 2628 189 2681 armata
225 2618 490 2702 quinquaginta;
528 2618 671 2680 totidem
706 2617 858 2693 Nervios,
891 2618 946 2701 qui
978 2619 1121 2684 maxime

70 2709 126 2777 leri
147 2716 234 2779 inter
261 2716 351 2798 ipsos
375 2716 569 2789 habeantur,
587 2715 849 2798 longissimeque
872 2716 1006 2793 absint;
1030 2718 1122 2799 quin·
1135 2739 1164 2791 ²5

71 2811 170 2876 decim
194 2813 286 2877 milia
309 2813 504 2887 Atrebates
529 2812 719 2875 Ambianos
750 2814 865 2877 decern
897 2813 997 2889 milia,
1023 2814 1122 2877 Mori-

72 2929 127 2973 nos
150 2930 219 2973 xxv
244 2910 344 2984 milia,
371 2910 547 2991 Menapios
572 2928 621 2971 vn
650 2909 742 2972 milia
756 2931 763 2986 ;
788 2909 924 2973 Caletos
954 2930 977 2973 x
1008 2913 1121 2989 milia;

71 3005 261 3072 Velocasses
279 3018 312 3070 et
329 3008 585 3070 Veromanduos
602 3007 766 3083 totidem,
789 3006 988 3071 Aduatucos
1005 3010 1121 3073 decem

72 3112 102 3165 et
144 3126 262 3169 novem
303 3104 418 3181 milia;
457 3104 659 3180 Condrusos,
701 3104 887 3181 Eburones
927 3105 1120 3181 Caeroesos

73 3199 257 3278 Paemanos,
301 3203 375 3285 quiv
403 3222 469 3266 uno
515 3201 650 3279 nomine
698 3200 856 3265 Germani
902 3203 1120 3285 appellantur,
1136 3226 1167 3275 30

72 3297 214 3363 arbitrari
230 3301 272 3364 ad
289 3319 335 3362 xL
352 3299 450 3363 milia.
683 3287 694 3297 “

116 3410 138 3474 5.
184 3397 308 3461 Caesar
332 3398 458 3460 Remos
482 3396 677 3460 cohortatus
700 3397 949 3480 liberaliterque
973 3399 1122 3462 oratione

75 3505 271 3569 prosecutus,
305 3515 439 3557 ornnem
472 3504 627 3557 senatum
651 3495 693 3556 ad
724 3516 761 3557 se
792 3496 980 3571 convenire,
1006 3496 1123 3576 princi·

75 3608 210 3673 pumque
248 3591 370 3654 liberos
401 3592 535 3654 obsides
566 3592 607 3653 ad
640 3612 676 3653 se
714 3592 833 3654 adduci
870 3592 978 3673 jussit.
1027 3594 1123 3674 Quae

77 3689 178 3751 omnia
207 3689 248 3752 ab
279 3690 332 3751 his
364 3689 542 3771 diligenter
572 3689 614 3751 ad
645 3688 734 3751 diem
765 3686 853 3751 iacta
884 3699 972 3751 sunt.
1019 3686 1165 3769 ²Ipse35

78 3781 266 3855 Divitiacum
316 3786 496 3849 Haeduum
542 3806 745 3874 magnopere
784 3786 984 3859 cohortatus,
1023 3786 1122 3850 docet
