<?xml version="1.0" encoding="UTF-8"?>
<!DOCTYPE html PUBLIC "-//W3C//DTD XHTML 1.0 Transitional//EN"
    "http://www.w3.org/TR/xhtml1/DTD/xhtml1-transitional.dtd">
<html xmlns="http://www.w3.org/1999/xhtml" xml:lang="en" lang="en">
 <head>
  <title>
</title>
<meta http-equiv="Content-Type" content="text/html;charset=utf-8" />
  <meta name='ocr-system' content='tesseract 3.04.00' />
  <meta name='ocr-capabilities' content='ocr_page ocr_carea ocr_par ocr_line ocrx_word'/>
</head>
<body>
  <div class='ocr_page' id='page_1' title='image "./caesarsgallicwa01greegoog_0082.png"; bbox 0 0 2667 4159; ppageno 0'>
   <div class='ocr_carea' id='block_1_1' title="bbox 42 6 53 31">
    <p class='ocr_par' dir='ltr' id='par_1_1' title="bbox 42 6 53 31">
     <span class='ocr_line' id='line_1_1' title="bbox 42 6 53 31; baseline 0 -2"><span class='ocrx_word' id='word_1_1' title='bbox 42 6 53 31; x_wconf 60' lang='lat' dir='ltr'><em>h</em></span> 
     </span>
    </p>
   </div>
   <div class='ocr_carea' id='block_1_2' title="bbox 19 167 44 218">
    <p class='ocr_par' dir='ltr' id='par_1_2' title="bbox 19 167 44 218">
     <span class='ocr_line' id='line_1_2' title="bbox 19 167 44 218; baseline 0 -4"><span class='ocrx_word' id='word_1_2' title='bbox 19 167 44 218; x_wconf 70' lang='lat' dir='ltr'><em>l</em></span> 
     </span>
    </p>
   </div>
   <div class='ocr_carea' id='block_1_3' title="bbox 85 229 1278 326">
    <p class='ocr_par' dir='ltr' id='par_1_3' title="bbox 85 229 1278 326">
     <span class='ocr_line' id='line_1_3' title="bbox 85 229 1278 326; baseline 0.016 -40"><span class='ocrx_word' id='word_1_3' title='bbox 85 263 86 266; x_wconf 60' lang='lat'><em>=</em></span> <span class='ocrx_word' id='word_1_4' title='bbox 131 235 219 326; x_wconf 39' lang='lat'>&amp;30</span> <span class='ocrx_word' id='word_1_5' title='bbox 418 229 496 298; x_wconf 84' lang='lat' dir='ltr'>War</span> <span class='ocrx_word' id='word_1_6' title='bbox 515 233 554 318; x_wconf 84' lang='lat' dir='ltr'>os</span> <span class='ocrx_word' id='word_1_7' title='bbox 571 230 624 298; x_wconf 74' lang='lat' dir='ltr'>tlte</span> <span class='ocrx_word' id='word_1_8' title='bbox 645 229 788 320; x_wconf 80' lang='lat' dir='ltr'>Belgt&#39;an</span> <span class='ocrx_word' id='word_1_9' title='bbox 814 232 1034 318; x_wconf 82' lang='lat' dir='ltr'>Consedemcy.</span> <span class='ocrx_word' id='word_1_10' title='bbox 1158 244 1278 320; x_wconf 65' lang='lat' dir='ltr'>[casin</span> 
     </span>
    </p>
   </div>
   <div class='ocr_carea' id='block_1_4' title="bbox 147 323 172 350">
    <p class='ocr_par' dir='ltr' id='par_1_4' title="bbox 147 323 172 350">
     <span class='ocr_line' id='line_1_4' title="bbox 147 323 172 350; baseline 0 -21"><span class='ocrx_word' id='word_1_11' title='bbox 147 323 158 350; x_wconf 58' lang='lat'>,</span> <span class='ocrx_word' id='word_1_12' title='bbox 170 327 172 329; x_wconf 84' lang='lat'>.</span> 
     </span>
    </p>
   </div>
   <div class='ocr_carea' id='block_1_5' title="bbox 167 426 1276 2563">
    <p class='ocr_par' dir='ltr' id='par_1_5' title="bbox 167 426 1276 2563">
     <span class='ocr_line' id='line_1_5' title="bbox 219 426 1276 512; baseline 0.003 -22"><span class='ocrx_word' id='word_1_13' title='bbox 219 428 348 492; x_wconf 90' lang='lat' dir='ltr'>ltaliam</span> <span class='ocrx_word' id='word_1_14' title='bbox 380 426 538 503; x_wconf 89' lang='lat' dir='ltr'>facerent,</span> <span class='ocrx_word' id='word_1_15' title='bbox 565 429 604 490; x_wconf 89' lang='lat' dir='ltr'>iis</span> <span class='ocrx_word' id='word_1_16' title='bbox 636 428 895 510; x_wconf 87' lang='lat' dir='ltr'>impedimentis,</span> <span class='ocrx_word' id='word_1_17' title='bbox 920 449 1004 510; x_wconf 90' lang='lat' dir='ltr'>quae</span> <span class='ocrx_word' id='word_1_18' title='bbox 1033 449 1147 493; x_wconf 90' lang='lat' dir='ltr'>secum</span> <span class='ocrx_word' id='word_1_19' title='bbox 1177 449 1276 512; x_wconf 81' lang='lat' dir='ltr'>agere</span> 
     </span>
     <span class='ocr_line' id='line_1_6' title="bbox 216 526 1276 610; baseline 0.003 -22"><span class='ocrx_word' id='word_1_20' title='bbox 216 547 255 589; x_wconf 92' lang='lat' dir='ltr'>ac</span> <span class='ocrx_word' id='word_1_21' title='bbox 279 536 411 607; x_wconf 89' lang='lat' dir='ltr'>portare</span> <span class='ocrx_word' id='word_1_22' title='bbox 431 547 497 588; x_wconf 90' lang='lat' dir='ltr'>non</span> <span class='ocrx_word' id='word_1_23' title='bbox 523 535 688 607; x_wconf 82' lang='lat' dir='ltr'>poterant,</span> <span class='ocrx_word' id='word_1_24' title='bbox 707 527 792 590; x_wconf 90' lang='lat' dir='ltr'>citra</span> <span class='ocrx_word' id='word_1_25' title='bbox 815 526 939 588; x_wconf 89' lang='lat' dir='ltr'>flumen</span> <span class='ocrx_word' id='word_1_26' title='bbox 965 528 1123 590; x_wconf 88' lang='lat' dir='ltr'><strong>Rhenum</strong></span> <span class='ocrx_word' id='word_1_27' title='bbox 1148 527 1276 610; x_wconf 92' lang='lat' dir='ltr'>deposi-</span> 
     </span>
     <span class='ocr_line' id='line_1_7' title="bbox 216 624 1272 706; baseline 0.003 -20"><span class='ocrx_word' id='word_1_28' title='bbox 216 624 270 697; x_wconf 85' lang='lat' dir='ltr'>tis,</span> <span class='ocrx_word' id='word_1_29' title='bbox 289 625 473 686; x_wconf 81' lang='lat' dir='ltr'>custodiam</span> <span class='ocrx_word' id='word_1_30' title='bbox 491 644 531 686; x_wconf 88' lang='lat' dir='ltr'>ex</span> <span class='ocrx_word' id='word_1_31' title='bbox 548 624 616 686; x_wconf 91' lang='lat' dir='ltr'>suis</span> <span class='ocrx_word' id='word_1_32' title='bbox 637 645 675 687; x_wconf 91' lang='lat' dir='ltr'>ac</span> <span class='ocrx_word' id='word_1_33' title='bbox 692 624 893 706; x_wconf 86' lang='lat' dir='ltr'>praesidium</span> <span class='ocrx_word' id='word_1_34' title='bbox 912 644 970 686; x_wconf 85' lang='lat' dir='ltr'>sex</span> <span class='ocrx_word' id='word_1_35' title='bbox 993 625 1085 686; x_wconf 92' lang='lat' dir='ltr'>milia</span> <span class='ocrx_word' id='word_1_36' title='bbox 1100 625 1272 689; x_wconf 90' lang='lat' dir='ltr'>hominum</span> 
     </span>
     <span class='ocr_line' id='line_1_8' title="bbox 216 718 1274 804; baseline 0.006 -22"><span class='ocrx_word' id='word_1_37' title='bbox 216 741 282 783; x_wconf 88' lang='lat' dir='ltr'>una</span> <span class='ocrx_word' id='word_1_38' title='bbox 299 722 512 804; x_wconf 87' lang='lat' dir='ltr'>reliquerunt.</span> <span class='ocrx_word' id='word_1_39' title='bbox 558 718 630 782; x_wconf 88' lang='lat' dir='ltr'>4Hi</span> <span class='ocrx_word' id='word_1_40' title='bbox 646 730 722 802; x_wconf 93' lang='lat' dir='ltr'>post</span> <span class='ocrx_word' id='word_1_41' title='bbox 740 741 854 784; x_wconf 87' lang='lat' dir='ltr'>eorum</span> <span class='ocrx_word' id='word_1_42' title='bbox 873 722 1001 784; x_wconf 91' lang='lat' dir='ltr'>obitum</span> <span class='ocrx_word' id='word_1_43' title='bbox 1019 723 1143 785; x_wconf 91' lang='lat' dir='ltr'>multos</span> <span class='ocrx_word' id='word_1_44' title='bbox 1168 745 1274 788; x_wconf 90' lang='lat' dir='ltr'>annos</span> 
     </span>
     <span class='ocr_line' id='line_1_9' title="bbox 189 816 1272 900; baseline 0.003 -18"><span class='ocrx_word' id='word_1_45' title='bbox 189 839 235 894; x_wconf 86' lang='lat' dir='ltr'>5a</span> <span class='ocrx_word' id='word_1_46' title='bbox 258 819 410 881; x_wconf 88' lang='lat' dir='ltr'>finitimis</span> <span class='ocrx_word' id='word_1_47' title='bbox 442 818 616 900; x_wconf 87' lang='lat' dir='ltr'>exagitati,</span> <span class='ocrx_word' id='word_1_48' title='bbox 636 839 710 880; x_wconf 93' lang='lat' dir='ltr'>cum</span> <span class='ocrx_word' id='word_1_49' title='bbox 739 819 821 882; x_wconf 89' lang='lat' dir='ltr'>alias</span> <span class='ocrx_word' id='word_1_50' title='bbox 847 818 971 881; x_wconf 92' lang='lat' dir='ltr'>bellum</span> <span class='ocrx_word' id='word_1_51' title='bbox 999 816 1172 896; x_wconf 82' lang='lat' dir='ltr'>inferrent,</span> <span class='ocrx_word' id='word_1_52' title='bbox 1193 823 1272 885; x_wconf 92' lang='lat' dir='ltr'>alias</span> 
     </span>
     <span class='ocr_line' id='line_1_10' title="bbox 216 913 1273 1000; baseline 0.005 -22"><span class='ocrx_word' id='word_1_53' title='bbox 216 916 357 978; x_wconf 87' lang='lat' dir='ltr'>inlatum</span> <span class='ocrx_word' id='word_1_54' title='bbox 389 913 618 990; x_wconf 77' lang='lat' dir='ltr'>defenderent,</span> <span class='ocrx_word' id='word_1_55' title='bbox 651 936 819 978; x_wconf 91' lang='lat' dir='ltr'>consensu</span> <span class='ocrx_word' id='word_1_56' title='bbox 851 936 964 992; x_wconf 87' lang='lat' dir='ltr'>eorum</span> <span class='ocrx_word' id='word_1_57' title='bbox 1003 918 1151 980; x_wconf 93' lang='lat' dir='ltr'>omnium</span> <span class='ocrx_word' id='word_1_58' title='bbox 1192 941 1273 1000; x_wconf 90' lang='lat' dir='ltr'>pace</span> 
     </span>
     <span class='ocr_line' id='line_1_11' title="bbox 214 1011 1069 1095; baseline 0.001 -19"><span class='ocrx_word' id='word_1_59' title='bbox 214 1011 310 1087; x_wconf 88' lang='lat' dir='ltr'>facta,</span> <span class='ocrx_word' id='word_1_60' title='bbox 336 1013 425 1076; x_wconf 93' lang='lat' dir='ltr'>hunc</span> <span class='ocrx_word' id='word_1_61' title='bbox 449 1013 513 1075; x_wconf 87' lang='lat' dir='ltr'>sibi</span> <span class='ocrx_word' id='word_1_62' title='bbox 537 1013 705 1076; x_wconf 92' lang='lat' dir='ltr'>domicilio</span> <span class='ocrx_word' id='word_1_63' title='bbox 729 1013 838 1077; x_wconf 93' lang='lat' dir='ltr'>locum</span> <span class='ocrx_word' id='word_1_64' title='bbox 863 1014 1069 1095; x_wconf 86' lang='lat' dir='ltr'>delegerunt.</span> 
     </span>
     <span class='ocr_line' id='line_1_12' title="bbox 259 1109 1273 1192; baseline 0.003 -17"><span class='ocrx_word' id='word_1_65' title='bbox 259 1129 307 1188; x_wconf 82' lang='lat'>30.</span> <span class='ocrx_word' id='word_1_66' title='bbox 333 1111 396 1187; x_wconf 87' lang='lat' dir='ltr'>Ac,</span> <span class='ocrx_word' id='word_1_67' title='bbox 429 1109 534 1192; x_wconf 92' lang='lat' dir='ltr'>primo</span> <span class='ocrx_word' id='word_1_68' title='bbox 558 1112 705 1173; x_wconf 91' lang='lat' dir='ltr'>adventu</span> <span class='ocrx_word' id='word_1_69' title='bbox 729 1110 894 1174; x_wconf 87' lang='lat' dir='ltr'>exercitus</span> <span class='ocrx_word' id='word_1_70' title='bbox 925 1113 1042 1186; x_wconf 90' lang='lat' dir='ltr'>nostri,</span> <span class='ocrx_word' id='word_1_71' title='bbox 1068 1115 1202 1177; x_wconf 90' lang='lat' dir='ltr'>crebras</span> <span class='ocrx_word' id='word_1_72' title='bbox 1234 1136 1273 1178; x_wconf 89' lang='lat' dir='ltr'>ex</span> 
     </span>
     <span class='ocr_line' id='line_1_13' title="bbox 214 1205 1271 1291; baseline 0.004 -20"><span class='ocrx_word' id='word_1_73' title='bbox 214 1209 336 1290; x_wconf 92' lang='lat' dir='ltr'>oppido</span> <span class='ocrx_word' id='word_1_74' title='bbox 360 1207 572 1272; x_wconf 86' lang='lat' dir='ltr'>excursiones</span> <span class='ocrx_word' id='word_1_75' title='bbox 596 1205 775 1283; x_wconf 89' lang='lat' dir='ltr'>faciebant,</span> <span class='ocrx_word' id='word_1_76' title='bbox 800 1208 1013 1291; x_wconf 82' lang='lat' dir='ltr'>parvulisque</span> <span class='ocrx_word' id='word_1_77' title='bbox 1037 1211 1171 1290; x_wconf 88' lang='lat' dir='ltr'>proeliis</span> <span class='ocrx_word' id='word_1_78' title='bbox 1195 1234 1271 1276; x_wconf 86' lang='lat' dir='ltr'>curn</span> 
     </span>
     <span class='ocr_line' id='line_1_14' title="bbox 174 1305 1272 1389; baseline 0.009 -26"><span class='ocrx_word' id='word_1_79' title='bbox 174 1329 203 1364; x_wconf 94' lang='lat'>10</span> <span class='ocrx_word' id='word_1_80' title='bbox 214 1305 337 1369; x_wconf 91' lang='lat' dir='ltr'>nostris</span> <span class='ocrx_word' id='word_1_81' title='bbox 369 1306 640 1382; x_wconf 75' lang='lat' dir='ltr'>contendebant,</span> <span class='ocrx_word' id='word_1_82' title='bbox 670 1315 788 1386; x_wconf 87' lang='lat' dir='ltr'>postea</span> <span class='ocrx_word' id='word_1_83' title='bbox 818 1307 904 1370; x_wconf 90' lang='lat' dir='ltr'>vallo</span> <span class='ocrx_word' id='word_1_84' title='bbox 934 1308 1055 1389; x_wconf 88' lang='lat' dir='ltr'>pedum</span> <span class='ocrx_word' id='word_1_85' title='bbox 1080 1327 1131 1370; x_wconf 83' lang='lat' dir='ltr'>xir</span> <span class='ocrx_word' id='word_1_86' title='bbox 1154 1309 1188 1372; x_wconf 95' lang='lat' dir='ltr'>in</span> <span class='ocrx_word' id='word_1_87' title='bbox 1213 1313 1272 1374; x_wconf 91' lang='lat' dir='ltr'>cir-</span> 
     </span>
     <span class='ocr_line' id='line_1_15' title="bbox 213 1403 1269 1486; baseline 0.003 -19"><span class='ocrx_word' id='word_1_88' title='bbox 213 1403 305 1467; x_wconf 88' lang='lat' dir='ltr'>cuitu</span> <span class='ocrx_word' id='word_1_89' title='bbox 343 1425 384 1466; x_wconf 83' lang='lat' dir='ltr'>xv</span> <span class='ocrx_word' id='word_1_90' title='bbox 423 1403 550 1467; x_wconf 89' lang='lat' dir='ltr'>milium</span> <span class='ocrx_word' id='word_1_91' title='bbox 589 1403 781 1486; x_wconf 89' lang='lat' dir='ltr'>crebrisque</span> <span class='ocrx_word' id='word_1_92' title='bbox 820 1404 968 1468; x_wconf 86' lang='lat' dir='ltr'>castellis</span> <span class='ocrx_word' id='word_1_93' title='bbox 1013 1405 1269 1483; x_wconf 90' lang='lat' dir='ltr'>circummuniti,</span> 
     </span>
     <span class='ocr_line' id='line_1_16' title="bbox 212 1499 1271 1587; baseline 0.005 -22"><span class='ocrx_word' id='word_1_94' title='bbox 212 1501 334 1583; x_wconf 93' lang='lat' dir='ltr'>oppido</span> <span class='ocrx_word' id='word_1_95' title='bbox 366 1521 439 1565; x_wconf 90' lang='lat' dir='ltr'>sese</span> <span class='ocrx_word' id='word_1_96' title='bbox 471 1501 698 1564; x_wconf 86' lang='lat' dir='ltr'>continebant.</span> <span class='ocrx_word' id='word_1_97' title='bbox 758 1499 853 1565; x_wconf 79' lang='lat' dir='ltr'>2Ubi</span> <span class='ocrx_word' id='word_1_98' title='bbox 883 1502 991 1566; x_wconf 89' lang='lat' dir='ltr'>vineis</span> <span class='ocrx_word' id='word_1_99' title='bbox 1022 1503 1115 1578; x_wconf 89' lang='lat' dir='ltr'>actis,</span> <span class='ocrx_word' id='word_1_100' title='bbox 1147 1526 1271 1587; x_wconf 86' lang='lat' dir='ltr'>aggere</span> 
     </span>
     <span class='ocr_line' id='line_1_17' title="bbox 213 1599 1269 1682; baseline 0.006 -21"><span class='ocrx_word' id='word_1_101' title='bbox 213 1608 392 1676; x_wconf 87' lang='lat' dir='ltr'>exstructo,</span> <span class='ocrx_word' id='word_1_102' title='bbox 424 1599 541 1662; x_wconf 88' lang='lat' dir='ltr'>turrim</span> <span class='ocrx_word' id='word_1_103' title='bbox 580 1600 694 1681; x_wconf 91' lang='lat' dir='ltr'>procul</span> <span class='ocrx_word' id='word_1_104' title='bbox 740 1600 900 1663; x_wconf 91' lang='lat' dir='ltr'>constitui</span> <span class='ocrx_word' id='word_1_105' title='bbox 930 1600 1092 1677; x_wconf 87' lang='lat' dir='ltr'>viderunt,</span> <span class='ocrx_word' id='word_1_106' title='bbox 1126 1603 1269 1682; x_wconf 88' lang='lat' dir='ltr'>primum</span> 
     </span>
     <span class='ocr_line' id='line_1_18' title="bbox 213 1695 1270 1783; baseline 0.006 -25"><span class='ocrx_word' id='word_1_107' title='bbox 213 1695 355 1760; x_wconf 86' lang='lat' dir='ltr'>inridere</span> <span class='ocrx_word' id='word_1_108' title='bbox 394 1715 435 1760; x_wconf 89' lang='lat' dir='ltr'>ex</span> <span class='ocrx_word' id='word_1_109' title='bbox 473 1716 576 1772; x_wconf 88' lang='lat' dir='ltr'>mur0,</span> <span class='ocrx_word' id='word_1_110' title='bbox 618 1707 719 1780; x_wconf 89' lang='lat' dir='ltr'>atque</span> <span class='ocrx_word' id='word_1_111' title='bbox 757 1697 957 1778; x_wconf 86' lang='lat' dir='ltr'>increpitare</span> <span class='ocrx_word' id='word_1_112' title='bbox 995 1699 1141 1773; x_wconf 90' lang='lat' dir='ltr'>vocibus,</span> <span class='ocrx_word' id='word_1_113' title='bbox 1182 1705 1270 1783; x_wconf 92' lang='lat' dir='ltr'>quod</span> 
     </span>
     <span class='ocr_line' id='line_1_19' title="bbox 171 1794 1272 1880; baseline 0.009 -29"><span class='ocrx_word' id='word_1_114' title='bbox 171 1816 198 1868; x_wconf 89' lang='lat'>15</span> <span class='ocrx_word' id='word_1_115' title='bbox 212 1802 307 1856; x_wconf 86' lang='lat' dir='ltr'>tanta</span> <span class='ocrx_word' id='word_1_116' title='bbox 337 1794 539 1857; x_wconf 87' lang='lat' dir='ltr'>machinatio</span> <span class='ocrx_word' id='word_1_117' title='bbox 574 1797 615 1859; x_wconf 92' lang='lat' dir='ltr'>ab</span> <span class='ocrx_word' id='word_1_118' title='bbox 646 1805 742 1858; x_wconf 92' lang='lat' dir='ltr'>tanto</span> <span class='ocrx_word' id='word_1_119' title='bbox 772 1795 881 1876; x_wconf 91' lang='lat' dir='ltr'>spatio</span> <span class='ocrx_word' id='word_1_120' title='bbox 912 1795 1154 1859; x_wconf 88' lang='lat' dir='ltr'>instrueretur:</span> <span class='ocrx_word' id='word_1_121' title='bbox 1177 1795 1272 1880; x_wconf 78' lang='lat' dir='ltr'>3qui·</span> 
     </span>
     <span class='ocr_line' id='line_1_20' title="bbox 211 1891 1270 1975; baseline 0.007 -22"><span class='ocrx_word' id='word_1_122' title='bbox 211 1892 351 1954; x_wconf 91' lang='lat' dir='ltr'>busnam</span> <span class='ocrx_word' id='word_1_123' title='bbox 368 1891 521 1975; x_wconf 89' lang='lat' dir='ltr'>manibus</span> <span class='ocrx_word' id='word_1_124' title='bbox 538 1903 594 1956; x_wconf 90' lang='lat' dir='ltr'>aut</span> <span class='ocrx_word' id='word_1_125' title='bbox 614 1893 734 1974; x_wconf 88' lang='lat' dir='ltr'>quibus</span> <span class='ocrx_word' id='word_1_126' title='bbox 751 1892 874 1956; x_wconf 88' lang='lat' dir='ltr'>viribus</span> <span class='ocrx_word' id='word_1_127' title='bbox 894 1894 1089 1974; x_wconf 90' lang='lat' dir='ltr'>praesertim</span> <span class='ocrx_word' id='word_1_128' title='bbox 1114 1894 1270 1960; x_wconf 90' lang='lat' dir='ltr'>homines</span> 
     </span>
     <span class='ocr_line' id='line_1_21' title="bbox 211 1988 1269 2072; baseline 0.006 -22"><span class='ocrx_word' id='word_1_129' title='bbox 211 1988 361 2051; x_wconf 90' lang='lat' dir='ltr'>tantulae</span> <span class='ocrx_word' id='word_1_130' title='bbox 395 2002 685 2055; x_wconf 85' lang='lat' dir='ltr'>staturae—nam</span> <span class='ocrx_word' id='word_1_131' title='bbox 720 1989 916 2072; x_wconf 90' lang='lat' dir='ltr'>plerumque</span> <span class='ocrx_word' id='word_1_132' title='bbox 947 1991 1139 2055; x_wconf 89' lang='lat' dir='ltr'>hominibus</span> <span class='ocrx_word' id='word_1_133' title='bbox 1163 1992 1269 2057; x_wconf 90' lang='lat' dir='ltr'>Gallis</span> 
     </span>
     <span class='ocr_line' id='line_1_22' title="bbox 210 2089 1270 2172; baseline 0.004 -22"><span class='ocrx_word' id='word_1_134' title='bbox 210 2107 289 2170; x_wconf 90' lang='lat' dir='ltr'>prae</span> <span class='ocrx_word' id='word_1_135' title='bbox 326 2089 558 2172; x_wconf 84' lang='lat' dir='ltr'>magnitudine</span> <span class='ocrx_word' id='word_1_136' title='bbox 595 2108 769 2169; x_wconf 90' lang='lat' dir='ltr'>corporum</span> <span class='ocrx_word' id='word_1_137' title='bbox 809 2108 943 2151; x_wconf 89' lang='lat' dir='ltr'>suorum</span> <span class='ocrx_word' id='word_1_138' title='bbox 977 2089 1123 2152; x_wconf 90' lang='lat' dir='ltr'>brevitas</span> <span class='ocrx_word' id='word_1_139' title='bbox 1154 2101 1270 2154; x_wconf 88' lang='lat' dir='ltr'>nostra</span> 
     </span>
     <span class='ocr_line' id='line_1_23' title="bbox 212 2185 1270 2268; baseline 0.004 -19"><span class='ocrx_word' id='word_1_140' title='bbox 212 2187 419 2268; x_wconf 85' lang='lat' dir='ltr'>contemptui</span> <span class='ocrx_word' id='word_1_141' title='bbox 437 2185 638 2250; x_wconf 90' lang='lat' dir='ltr'>est—tanti</span> <span class='ocrx_word' id='word_1_142' title='bbox 655 2185 767 2249; x_wconf 91' lang='lat' dir='ltr'>oneris</span> <span class='ocrx_word' id='word_1_143' title='bbox 786 2185 903 2248; x_wconf 92' lang='lat' dir='ltr'>turrim</span> <span class='ocrx_word' id='word_1_144' title='bbox 927 2185 961 2252; x_wconf 90' lang='lat' dir='ltr'>in</span> <span class='ocrx_word' id='word_1_145' title='bbox 979 2207 1072 2250; x_wconf 92' lang='lat' dir='ltr'>muro</span> <span class='ocrx_word' id='word_1_146' title='bbox 1096 2208 1171 2252; x_wconf 89' lang='lat' dir='ltr'>sese</span> <span class='ocrx_word' id='word_1_147' title='bbox 1195 2209 1270 2253; x_wconf 91' lang='lat' dir='ltr'>con·</span> 
     </span>
     <span class='ocr_line' id='line_1_24' title="bbox 167 2283 572 2360; baseline 0.007 -17"><span class='ocrx_word' id='word_1_148' title='bbox 167 2306 199 2343; x_wconf 75' lang='lat' dir='ltr'>ao</span> <span class='ocrx_word' id='word_1_149' title='bbox 210 2283 319 2350; x_wconf 91' lang='lat' dir='ltr'>locare</span> <span class='ocrx_word' id='word_1_150' title='bbox 341 2283 572 2360; x_wconf 87' lang='lat' dir='ltr'>confiderent?</span> 
     </span>
     <span class='ocr_line' id='line_1_25' title="bbox 255 2380 1268 2464; baseline 0.002 -18"><span class='ocrx_word' id='word_1_151' title='bbox 255 2401 304 2464; x_wconf 84' lang='lat'>31.</span> <span class='ocrx_word' id='word_1_152' title='bbox 331 2383 401 2450; x_wconf 93' lang='lat' dir='ltr'>Ubi</span> <span class='ocrx_word' id='word_1_153' title='bbox 434 2402 512 2445; x_wconf 90' lang='lat' dir='ltr'>vero</span> <span class='ocrx_word' id='word_1_154' title='bbox 551 2381 675 2444; x_wconf 87' lang='lat' dir='ltr'>moveri</span> <span class='ocrx_word' id='word_1_155' title='bbox 714 2390 748 2444; x_wconf 91' lang='lat' dir='ltr'>et</span> <span class='ocrx_word' id='word_1_156' title='bbox 786 2380 1051 2462; x_wconf 89' lang='lat' dir='ltr'>adpropinquare</span> <span class='ocrx_word' id='word_1_157' title='bbox 1089 2385 1268 2448; x_wconf 91' lang='lat' dir='ltr'>moenibns</span> 
     </span>
     <span class='ocr_line' id='line_1_26' title="bbox 209 2477 1269 2563; baseline 0.003 -21"><span class='ocrx_word' id='word_1_158' title='bbox 209 2481 374 2556; x_wconf 90' lang='lat' dir='ltr'>viderunt,</span> <span class='ocrx_word' id='word_1_159' title='bbox 400 2501 486 2543; x_wconf 91' lang='lat' dir='ltr'>nova</span> <span class='ocrx_word' id='word_1_160' title='bbox 509 2489 609 2561; x_wconf 88' lang='lat' dir='ltr'>atque</span> <span class='ocrx_word' id='word_1_161' title='bbox 634 2477 794 2541; x_wconf 89' lang='lat' dir='ltr'>inusitata</span> <span class='ocrx_word' id='word_1_162' title='bbox 817 2479 929 2559; x_wconf 88' lang='lat' dir='ltr'>specie</span> <span class='ocrx_word' id='word_1_163' title='bbox 953 2480 1119 2555; x_wconf 90' lang='lat' dir='ltr'>commoti,</span> <span class='ocrx_word' id='word_1_164' title='bbox 1137 2481 1269 2563; x_wconf 90' lang='lat' dir='ltr'>legatos</span> 
     </span>
    </p>
   </div>
   <div class='ocr_carea' id='block_1_6' title="bbox 209 2576 1331 2658">
    <p class='ocr_par' dir='ltr' id='par_1_6' title="bbox 209 2576 1331 2658">
     <span class='ocr_line' id='line_1_27' title="bbox 209 2576 1331 2658; baseline 0.001 -18"><span class='ocrx_word' id='word_1_165' title='bbox 209 2581 250 2641; x_wconf 88' lang='lat' dir='ltr'>ad</span> <span class='ocrx_word' id='word_1_166' title='bbox 272 2578 446 2642; x_wconf 87' lang='lat' dir='ltr'>Caesarem</span> <span class='ocrx_word' id='word_1_167' title='bbox 476 2578 517 2642; x_wconf 94' lang='lat' dir='ltr'>de</span> <span class='ocrx_word' id='word_1_168' title='bbox 544 2597 626 2658; x_wconf 89' lang='lat' dir='ltr'>pace</span> <span class='ocrx_word' id='word_1_169' title='bbox 657 2576 829 2650; x_wconf 88' lang='lat' dir='ltr'>miserunt,</span> <span class='ocrx_word' id='word_1_170' title='bbox 854 2576 909 2658; x_wconf 92' lang='lat' dir='ltr'>qui</span> <span class='ocrx_word' id='word_1_171' title='bbox 940 2577 981 2638; x_wconf 89' lang='lat' dir='ltr'>ad</span> <span class='ocrx_word' id='word_1_172' title='bbox 1012 2577 1100 2640; x_wconf 93' lang='lat' dir='ltr'>hunc</span> <span class='ocrx_word' id='word_1_173' title='bbox 1132 2581 1268 2641; x_wconf 94' lang='lat' dir='ltr'>modum</span> <span class='ocrx_word' id='word_1_174' title='bbox 1329 2580 1331 2585; x_wconf 81' lang='grc'><strong>’</strong></span> 
     </span>
    </p>
   </div>
   <div class='ocr_carea' id='block_1_7' title="bbox 165 2673 1270 3907">
    <p class='ocr_par' dir='ltr' id='par_1_7' title="bbox 209 2673 1269 2755">
     <span class='ocr_line' id='line_1_28' title="bbox 209 2673 1269 2755; baseline 0.003 -19"><span class='ocrx_word' id='word_1_175' title='bbox 209 2675 333 2738; x_wconf 88' lang='lat' dir='ltr'>locuti:</span> <span class='ocrx_word' id='word_1_176' title='bbox 371 2673 492 2738; x_wconf 82' lang='lat' dir='ltr'>2‘Non</span> <span class='ocrx_word' id='word_1_177' title='bbox 525 2674 716 2738; x_wconf 88' lang='lat' dir='ltr'>existimare</span> <span class='ocrx_word' id='word_1_178' title='bbox 748 2674 919 2736; x_wconf 91' lang='lat' dir='ltr'>Romanos</span> <span class='ocrx_word' id='word_1_179' title='bbox 958 2675 1029 2736; x_wconf 87' lang='lat' dir='ltr'>sine</span> <span class='ocrx_word' id='word_1_180' title='bbox 1060 2694 1123 2755; x_wconf 91' lang='lat' dir='ltr'>ope</span> <span class='ocrx_word' id='word_1_181' title='bbox 1155 2677 1269 2739; x_wconf 91' lang='lat' dir='ltr'>divina</span> 
     </span>
    </p>

    <p class='ocr_par' dir='ltr' id='par_1_8' title="bbox 167 2770 1270 3246">
     <span class='ocr_line' id='line_1_29' title="bbox 167 2770 1269 2856; baseline 0.003 -22"><span class='ocrx_word' id='word_1_182' title='bbox 167 2793 195 2846; x_wconf 82' lang='lat'>²5</span> <span class='ocrx_word' id='word_1_183' title='bbox 209 2773 332 2836; x_wconf 89' lang='lat' dir='ltr'>bellum</span> <span class='ocrx_word' id='word_1_184' title='bbox 369 2792 494 2856; x_wconf 88' lang='lat' dir='ltr'>gerere,</span> <span class='ocrx_word' id='word_1_185' title='bbox 528 2773 583 2853; x_wconf 91' lang='lat' dir='ltr'>qui</span> <span class='ocrx_word' id='word_1_186' title='bbox 622 2782 737 2835; x_wconf 89' lang='lat' dir='ltr'>tantae</span> <span class='ocrx_word' id='word_1_187' title='bbox 775 2770 962 2834; x_wconf 86' lang='lat' dir='ltr'>altitudinis</span> <span class='ocrx_word' id='word_1_188' title='bbox 1001 2772 1269 2837; x_wconf 86' lang='lat' dir='ltr'>machinationes</span> 
     </span>
     <span class='ocr_line' id='line_1_30' title="bbox 208 2870 1270 2951; baseline 0.002 -19"><span class='ocrx_word' id='word_1_189' title='bbox 208 2879 302 2933; x_wconf 92' lang='lat' dir='ltr'>tanta</span> <span class='ocrx_word' id='word_1_190' title='bbox 330 2870 503 2935; x_wconf 85' lang='lat' dir='ltr'>celeritate</span> <span class='ocrx_word' id='word_1_191' title='bbox 535 2889 730 2950; x_wconf 82' lang='lat' dir='ltr'>promovere</span> <span class='ocrx_word' id='word_1_192' title='bbox 763 2877 921 2950; x_wconf 89' lang='lat' dir='ltr'>possent;</span> <span class='ocrx_word' id='word_1_193' title='bbox 946 2889 982 2932; x_wconf 91' lang='lat' dir='ltr'>se</span> <span class='ocrx_word' id='word_1_194' title='bbox 1007 2889 1131 2951; x_wconf 90' lang='lat' dir='ltr'>suaque</span> <span class='ocrx_word' id='word_1_195' title='bbox 1155 2873 1270 2934; x_wconf 90' lang='lat' dir='ltr'>omnia</span> 
     </span>
     <span class='ocr_line' id='line_1_31' title="bbox 208 2963 1269 3058; baseline 0.002 -28"><span class='ocrx_word' id='word_1_196' title='bbox 208 2988 322 3030; x_wconf 88' lang='lat' dir='ltr'>eorum</span> <span class='ocrx_word' id='word_1_197' title='bbox 349 2967 509 3058; x_wconf 67' lang='lat' dir='ltr'>potestati</span> <span class='ocrx_word' id='word_1_198' title='bbox 533 2965 742 3048; x_wconf 91' lang='lat' dir='ltr'>permittere’</span> <span class='ocrx_word' id='word_1_199' title='bbox 761 2967 924 3029; x_wconf 85' lang='lat' dir='ltr'>dixerunt.</span> <span class='ocrx_word' id='word_1_200' title='bbox 971 2963 1133 3030; x_wconf 82' lang='lat' dir='ltr'>3‘Unum</span> <span class='ocrx_word' id='word_1_201' title='bbox 1152 2979 1269 3048; x_wconf 90' lang='lat' dir='ltr'>petere</span> 
     </span>
     <span class='ocr_line' id='line_1_32' title="bbox 207 3061 1270 3147; baseline 0.002 -19"><span class='ocrx_word' id='word_1_202' title='bbox 207 3086 245 3129; x_wconf 91' lang='lat' dir='ltr'>ac</span> <span class='ocrx_word' id='word_1_203' title='bbox 276 3065 464 3147; x_wconf 87' lang='lat' dir='ltr'>deprecari:</span> <span class='ocrx_word' id='word_1_204' title='bbox 489 3064 516 3127; x_wconf 94' lang='lat' dir='ltr'>si</span> <span class='ocrx_word' id='word_1_205' title='bbox 546 3061 633 3127; x_wconf 88' lang='lat' dir='ltr'>forte</span> <span class='ocrx_word' id='word_1_206' title='bbox 657 3083 716 3145; x_wconf 90' lang='lat' dir='ltr'>pro</span> <span class='ocrx_word' id='word_1_207' title='bbox 749 3083 808 3126; x_wconf 88' lang='lat' dir='ltr'>sua</span> <span class='ocrx_word' id='word_1_208' title='bbox 838 3063 1018 3126; x_wconf 87' lang='lat' dir='ltr'>clementia</span> <span class='ocrx_word' id='word_1_209' title='bbox 1048 3085 1085 3127; x_wconf 89' lang='lat' dir='ltr'>ac</span> <span class='ocrx_word' id='word_1_210' title='bbox 1117 3085 1270 3130; x_wconf 73' lang='lat' dir='ltr'>mansue-</span> 
     </span>
     <span class='ocr_line' id='line_1_33' title="bbox 208 3160 1270 3246; baseline 0.002 -22"><span class='ocrx_word' id='word_1_211' title='bbox 208 3163 333 3238; x_wconf 90' lang='lat' dir='ltr'>tudine,</span> <span class='ocrx_word' id='word_1_212' title='bbox 367 3183 464 3246; x_wconf 90' lang='lat' dir='ltr'>quam</span> <span class='ocrx_word' id='word_1_213' title='bbox 497 3161 559 3242; x_wconf 91' lang='lat' dir='ltr'>ipsi</span> <span class='ocrx_word' id='word_1_214' title='bbox 591 3163 632 3224; x_wconf 90' lang='lat' dir='ltr'>ab</span> <span class='ocrx_word' id='word_1_215' title='bbox 663 3161 736 3224; x_wconf 92' lang='lat' dir='ltr'>aliis</span> <span class='ocrx_word' id='word_1_216' title='bbox 767 3160 930 3235; x_wconf 88' lang='lat' dir='ltr'>audirent,</span> <span class='ocrx_word' id='word_1_217' title='bbox 956 3162 1131 3224; x_wconf 86' lang='lat' dir='ltr'>statuisset</span> <span class='ocrx_word' id='word_1_218' title='bbox 1155 3162 1270 3226; x_wconf 87' lang='lat' dir='ltr'>Adua-</span> 
     </span>
    </p>

    <p class='ocr_par' dir='ltr' id='par_1_9' title="bbox 165 3259 1270 3735">
     <span class='ocr_line' id='line_1_34' title="bbox 165 3259 1267 3341; baseline 0.002 -18"><span class='ocrx_word' id='word_1_219' title='bbox 165 3283 196 3332; x_wconf 83' lang='lat'>30</span> <span class='ocrx_word' id='word_1_220' title='bbox 208 3270 304 3323; x_wconf 90' lang='lat' dir='ltr'>tucos</span> <span class='ocrx_word' id='word_1_221' title='bbox 347 3281 422 3323; x_wconf 88' lang='lat' dir='ltr'>esse</span> <span class='ocrx_word' id='word_1_222' title='bbox 463 3260 720 3333; x_wconf 73' lang='lat' dir='ltr'>conservandos</span> <span class='ocrx_word' id='word_1_223' title='bbox 753 3278 795 3321; x_wconf 92' lang='lat' dir='ltr'>ne</span> <span class='ocrx_word' id='word_1_224' title='bbox 836 3279 872 3322; x_wconf 88' lang='lat' dir='ltr'>se</span> <span class='ocrx_word' id='word_1_225' title='bbox 912 3259 1013 3321; x_wconf 93' lang='lat' dir='ltr'>armis</span> <span class='ocrx_word' id='word_1_226' title='bbox 1054 3261 1267 3341; x_wconf 88' lang='lat' dir='ltr'>despoliaret.</span> 
     </span>
     <span class='ocr_line' id='line_1_35' title="bbox 206 3345 1269 3422; baseline -0.001 -1"><span class='ocrx_word' id='word_1_227' title='bbox 206 3356 219 3395; x_wconf 78' lang='lat'>4</span> <span class='ocrx_word' id='word_1_228' title='bbox 234 3358 304 3421; x_wconf 90' lang='lat' dir='ltr'>Sibi</span> <span class='ocrx_word' id='word_1_229' title='bbox 322 3345 438 3421; x_wconf 89' lang='lat' dir='ltr'>omnes</span> <span class='ocrx_word' id='word_1_230' title='bbox 455 3354 525 3420; x_wconf 90' lang='lat' dir='ltr'>fere</span> <span class='ocrx_word' id='word_1_231' title='bbox 548 3356 708 3419; x_wconf 85' lang='lat' dir='ltr'>finitimos</span> <span class='ocrx_word' id='word_1_232' title='bbox 725 3376 800 3419; x_wconf 91' lang='lat' dir='ltr'>esse</span> <span class='ocrx_word' id='word_1_233' title='bbox 824 3356 975 3420; x_wconf 89' lang='lat' dir='ltr'>inimicos</span> <span class='ocrx_word' id='word_1_234' title='bbox 991 3377 1030 3419; x_wconf 91' lang='lat' dir='ltr'>ac</span> <span class='ocrx_word' id='word_1_235' title='bbox 1053 3377 1135 3421; x_wconf 90' lang='lat' dir='ltr'>suae</span> <span class='ocrx_word' id='word_1_236' title='bbox 1151 3359 1269 3422; x_wconf 89' lang='lat' dir='ltr'>virtuti</span> 
     </span>
     <span class='ocr_line' id='line_1_36' title="bbox 208 3451 1268 3537; baseline 0.003 -21"><span class='ocrx_word' id='word_1_237' title='bbox 208 3455 375 3531; x_wconf 86' lang='lat' dir='ltr'>invidere;</span> <span class='ocrx_word' id='word_1_238' title='bbox 414 3477 432 3518; x_wconf 94' lang='lat' dir='ltr'>a</span> <span class='ocrx_word' id='word_1_239' title='bbox 463 3455 584 3537; x_wconf 90' lang='lat' dir='ltr'>quibus</span> <span class='ocrx_word' id='word_1_240' title='bbox 616 3475 652 3516; x_wconf 91' lang='lat' dir='ltr'>se</span> <span class='ocrx_word' id='word_1_241' title='bbox 684 3451 865 3516; x_wconf 81' lang='lat' dir='ltr'>defendere</span> <span class='ocrx_word' id='word_1_242' title='bbox 904 3455 1035 3517; x_wconf 91' lang='lat' dir='ltr'>traditis</span> <span class='ocrx_word' id='word_1_243' title='bbox 1066 3455 1168 3519; x_wconf 88' lang='lat' dir='ltr'>armis</span> <span class='ocrx_word' id='word_1_244' title='bbox 1199 3478 1268 3519; x_wconf 92' lang='lat' dir='ltr'>non</span> 
     </span>
     <span class='ocr_line' id='line_1_37' title="bbox 207 3549 1270 3634; baseline 0.003 -19"><span class='ocrx_word' id='word_1_245' title='bbox 207 3563 353 3634; x_wconf 80' lang='lat' dir='ltr'>possent,</span> <span class='ocrx_word' id='word_1_246' title='bbox 400 3549 498 3615; x_wconf 72' lang='lat' dir='ltr'>5Sibi</span> <span class='ocrx_word' id='word_1_247' title='bbox 523 3561 702 3634; x_wconf 90' lang='lat' dir='ltr'>praestare,</span> <span class='ocrx_word' id='word_1_248' title='bbox 721 3552 748 3614; x_wconf 90' lang='lat' dir='ltr'>si</span> <span class='ocrx_word' id='word_1_249' title='bbox 768 3553 801 3613; x_wconf 92' lang='lat' dir='ltr'>in</span> <span class='ocrx_word' id='word_1_250' title='bbox 826 3573 901 3614; x_wconf 89' lang='lat' dir='ltr'>eum</span> <span class='ocrx_word' id='word_1_251' title='bbox 927 3573 1039 3615; x_wconf 89' lang='lat' dir='ltr'>casum</span> <span class='ocrx_word' id='word_1_252' title='bbox 1064 3552 1270 3618; x_wconf 87' lang='lat' dir='ltr'>deduceren-</span> 
     </span>
     <span class='ocr_line' id='line_1_38' title="bbox 207 3645 1267 3735; baseline 0.004 -24"><span class='ocrx_word' id='word_1_253' title='bbox 207 3661 269 3725; x_wconf 86' lang='lat' dir='ltr'>tur,</span> <span class='ocrx_word' id='word_1_254' title='bbox 302 3645 650 3732; x_wconf 82' lang='lat' dir='ltr'>quamvis&#39;fortnnam</span> <span class='ocrx_word' id='word_1_255' title='bbox 675 3670 694 3711; x_wconf 91' lang='lat' dir='ltr'>a</span> <span class='ocrx_word' id='word_1_256' title='bbox 724 3650 846 3730; x_wconf 89' lang='lat' dir='ltr'>populo</span> <span class='ocrx_word' id='word_1_257' title='bbox 880 3651 1033 3712; x_wconf 88' lang='lat' dir='ltr'>Romano</span> <span class='ocrx_word' id='word_1_258' title='bbox 1063 3652 1145 3732; x_wconf 88' lang='lat' dir='ltr'>pati,</span> <span class='ocrx_word' id='word_1_259' title='bbox 1169 3674 1267 3735; x_wconf 88' lang='lat' dir='ltr'>quam</span> 
     </span>
    </p>

    <p class='ocr_par' dir='ltr' id='par_1_10' title="bbox 165 3745 1268 3907">
     <span class='ocr_line' id='line_1_39' title="bbox 165 3745 1268 3831; baseline 0.003 -23"><span class='ocrx_word' id='word_1_260' title='bbox 165 3767 194 3820; x_wconf 83' lang='lat'>35</span> <span class='ocrx_word' id='word_1_261' title='bbox 207 3748 248 3809; x_wconf 95' lang='lat' dir='ltr'>ab</span> <span class='ocrx_word' id='word_1_262' title='bbox 279 3749 330 3808; x_wconf 90' lang='lat' dir='ltr'>his</span> <span class='ocrx_word' id='word_1_263' title='bbox 363 3768 421 3826; x_wconf 83' lang='lat' dir='ltr'>per</span> <span class='ocrx_word' id='word_1_264' title='bbox 460 3746 642 3808; x_wconf 88' lang='lat' dir='ltr'>cruciatum</span> <span class='ocrx_word' id='word_1_265' title='bbox 683 3746 834 3819; x_wconf 87' lang='lat' dir='ltr'>interfici,</span> <span class='ocrx_word' id='word_1_266' title='bbox 869 3745 957 3810; x_wconf 90' lang='lat' dir='ltr'>inter</span> <span class='ocrx_word' id='word_1_267' title='bbox 988 3768 1072 3831; x_wconf 92' lang='lat' dir='ltr'>quos</span> <span class='ocrx_word' id='word_1_268' title='bbox 1102 3750 1268 3814; x_wconf 89' lang='lat' dir='ltr'>dominari</span> 
     </span>
     <span class='ocr_line' id='line_1_40' title="bbox 208 3842 448 3907; baseline -0.008 0"><span class='ocrx_word' id='word_1_269' title='bbox 208 3842 448 3907; x_wconf 83' lang='lat' dir='ltr'>consuessent&#39;</span> 
     </span>
    </p>
   </div>
   <div class='ocr_carea' id='block_1_8' title="bbox 0 0 1338 4159">
    <p class='ocr_par' dir='ltr' id='par_1_11' title="bbox 0 0 1338 4159">
     <span class='ocr_line' id='line_1_41' title="bbox 0 0 1338 4159; baseline 0 2"><span class='ocrx_word' id='word_1_270' title='bbox 0 0 1338 4159; x_wconf 95' lang='lat' dir='ltr'> </span> 
     </span>
    </p>
   </div>
  </div>
 </body>
</html>
