2667 4159
240 202 302 278 15'4
541 191 606 254 l'lze
623 187 728 254 Gaulr
736 197 874 271 prepare
888 183 986 266 tofly.
1168 182 1290 254 [Crasxn

236 394 382 475 legiones
405 410 464 472 pro
484 386 602 451 castris
619 383 837 455 excubabant,
854 379 1029 462 pluresque
1053 379 1187 461 partitis
1213 391 1290 442 tem-

235 495 371 578 poribus
387 501 481 555 erant
506 489 539 551 in
555 507 664 570 opere,
682 484 832 548 celeriter
850 480 973 544 factum
991 490 1050 554 est,
1068 491 1105 543 ut
1127 481 1183 542 alii
1201 502 1290 564 erup

236 595 381 659 tionibus
404 591 605 661 resisterent,
628 586 682 649 alii
706 597 813 648 turres
837 582 1043 656 reducerent,
1066 601 1290 665 aggeremque

235 693 521 765 interscinderent,
556 688 663 752 omnis
697 706 776 749 vero
810 704 851 748 ex
885 682 1002 745 castris
1036 682 1218 745 multitudo
1252 685 1290 747 ad

201 817 215 871 5
236 793 507 876 restinguendum
536 797 755 853 concurreret.
1104 841 1107 847 Α

281 911 329 975 25.
354 894 439 957 Cum
471 892 505 953 in
533 889 687 952 omnibus
718 887 808 959 locis
836 894 1034 965 consumpta
1063 882 1128 965 jam
1162 883 1290 967 reliqua

233 1007 327 1079 parte
350 994 465 1067 noctis,
490 1000 703 1073 pugnaretur,
728 1006 923 1068 semperque
947 984 1098 1047 hostibus
1122 1004 1202 1064 spes
1227 985 1290 1062 vic7

233 1097 336 1160 toriae
352 1095 743 1174 redintegraretur,-eo
761 1087 875 1168 magis,
892 1087 978 1168 quod
1003 1086 1139 1147 deustos
1157 1084 1288 1165 pluteos

234 1197 371 1259 turrium
396 1195 561 1267 videbant,
586 1212 647 1254 nec
672 1189 766 1252 facile
792 1187 883 1250 adire
905 1197 1037 1268 apertos
1060 1186 1101 1247 ad
1129 1185 1288 1248 auxilian-

185 1321 216 1358 ιο
233 1299 311 1360 dum
325 1294 641 1367 animadvertebant,
652 1309 901 1372 -semperque
912 1287 974 1368 ipsi
987 1297 1135 1350 recentes
1147 1283 1287 1349 defessis

233 1398 457 1470 succederent,
473 1413 671 1476 omnemque
696 1391 821 1454 Galliae
846 1390 984 1452 salntem
1008 1387 1041 1450 in
1066 1387 1121 1450 illo
1144 1387 1286 1468 vestigio
1320 1381 1321 1408 ³

234 1497 390 1580 temporis
417 1497 556 1578 positam
582 1495 841 1566 arbitrarentur;
869 1489 998 1563 accidit,
1022 1488 1286 1569 inspectantibus

234 1599 340 1673 nobis,
357 1599 445 1680 quod
462 1598 597 1680 dignum
624 1592 782 1657 memoria
797 1592 902 1654 visum
922 1589 1202 1671 praetereundum
1225 1610 1285 1652 non

233 1698 501 1762 existimavimus.
560 1693 728 1777 ²Quidam
758 1703 836 1755 ante
870 1702 998 1773 portam
1031 1689 1140 1771 oppidi
1170 1689 1285 1752 Gallus

185 1835 215 1888 15
233 1821 292 1882 per
308 1819 425 1862 manus
445 1796 514 1860 sevi
531 1818 568 1860 ac
592 1796 675 1877 picis
700 1793 838 1857 traditas
862 1792 976 1873 glebas
1001 1790 1034 1852 in
1059 1790 1169 1872 ignem
1196 1812 1217 1854 e
1242 1811 1285 1854 re·

233 1902 332 1982 gione
353 1898 453 1962 turris
477 1897 676 1980 proiciebat3
701 1894 874 1976 scorpione
893 1894 934 1955 ab
959 1892 1060 1954 latere
1083 1892 1201 1954 dextro
1225 1903 1283 1955 tra-

232 2000 341 2083 jectus
376 1999 648 2080 exanimatusque
684 1995 836 2059 concidit.
893 1991 1019 2056 ³Hunc
1053 2013 1093 2056 ex
1129 1993 1283 2075 proximis

234 2122 319 2164 unus
343 2101 507 2184 jacentem
537 2110 765 2179 transgressus
789 2095 904 2159 eodem
932 2094 986 2156 illo
1011 2115 1149 2158 munere
1172 2092 1284 2176 iunge

232 2203 349 2264 batur:
385 2202 499 2263 eadem
531 2200 657 2262 ratione
684 2197 749 2260 ictu
775 2194 957 2279 scorpionis
981 2195 1169 2259 exanimato
1192 2195 1283 2260 alteri

183 2329 215 2366 20
232 2302 394 2365 successit
418 2301 544 2374 tertius
563 2312 596 2362 et
621 2298 719 2362 tertio
739 2309 895 2380 quartus;
920 2318 980 2361 nec
1004 2298 1094 2379 prius
1118 2295 1176 2362 ille
1195 2309 1245 2361 est
1267 2318 1288 2358 a.
1319 2353 1320 2388 Ξ

231 2401 532 2484 propugnatoribus
559 2420 682 2463 vacuus
710 2400 842 2462 relictus
869 2399 969 2473 locus,
995 2420 1102 2482 quam,
1126 2399 1284 2464 restincto
1319 2391 1320 2416 ¹

231 2524 354 2585 aggere
381 2514 482 2585 atque
509 2501 599 2564 omni
629 2512 723 2581 parte
750 2499 912 2563 submotis
944 2499 1103 2574 hostibus,
1132 2501 1209 2564 linis
1235 2510 1283 2563 est

231 2604 401 2686 pugnandi
424 2600 545 2665 factus.

275 2704 328 2767 26.
354 2702 477 2767 Omnia
499 2702 625 2783 experti
652 2700 746 2776 Galli,
770 2703 857 2786 quod
882 2722 933 2764 res
957 2700 1047 2765 nulla
1070 2713 1284 2776 successerat,

184 2830 213 2883 25
231 2817 363 2886 postero
393 2804 447 2866 die
479 2802 652 2865 consilium
685 2814 845 2884 ceperunt
876 2823 916 2865 ex
946 2803 1067 2885 oppido
1100 2802 1284 2885 profugere,

231 2905 385 2968 hortante
403 2915 436 2967 et
454 2903 592 2986 jubente
612 2903 894 2985 Vercingetorige.
941 2899 1003 2966 2Ιά
1023 2903 1155 2966 silentio
1177 2904 1283 2966 noctis

231 3005 349 3081 conati,
366 3026 432 3067 non
449 3024 569 3085 magna
586 3003 715 3086 jactura
734 3025 868 3068 suorum
889 3023 962 3066 sese
980 2999 1158 3086 effecturos
1175 3025 1284 3086 sperat

231 3106 332 3181 bant;
364 3117 537 3187 propterea
567 3105 655 3186 quod
686 3125 793 3187 neque
824 3104 922 3186 longe
952 3105 992 3167 ab
1023 3103 1145 3186 oppido
1177 3115 1281 3168 castra

230 3205 514 3288 Vercingetorigis
537 3205 684 3279 aberant,
708 3216 741 3270 et
768 3205 869 3286 palus
894 3224 977 3287 quae
1004 3217 1164 3286 perpetua
1187 3206 1283 3267 inter-
1313 3197 1319 3218 ¹

183 3335 214 3385 30
230 3311 377 3383 cedebat,
398 3311 568 3373 Romanos
589 3310 629 3372 ad
652 3310 892 3391 insequendum
916 3310 1074 3372 tardabat.
1120 3309 1282 3393 ³Jamque

231 3411 292 3472 hoc
323 3407 432 3472 facere
464 3421 562 3472 noctu
591 3410 805 3491 apparabant,
832 3429 906 3472 eum
939 3409 1208 3474 matresfamiliae
1239 3431 1282 3473 re-
1318 3471 1319 3508 i

229 3522 329 3590 pente
357 3510 392 3572 in
422 3511 588 3591 publicum
622 3521 863 3592 procurrerunt,
892 3510 1085 3594 flentesque,
1114 3512 1280 3593 projectae
1318 3537 1319 3600 l

229 3611 269 3672 ad
294 3612 394 3692 pedes
419 3633 561 3686 suorum,
578 3611 732 3674 omnibus
756 3612 908 3691 precibus
932 3613 1110 3692 petierunt,
1127 3634 1170 3676 ne
1192 3633 1228 3676 se
1248 3624 1276 3674 et

230 3731 421 3772 communes
437 3711 557 3773 liberos
575 3711 726 3773 hostibus
742 3713 782 3772 ad
801 3712 996 3792 supplicium
1014 3714 1182 3785 dederent,
1199 3733 1276 3796 quos

181 3830 213 3884 35
230 3812 270 3872 ad
298 3811 490 3890 capiendam
516 3808 628 3890 fugam
653 3823 791 3873 naturae
815 3823 848 3873 et
874 3812 992 3876 virium
1019 3814 1194 3877 infirmitas
1221 3816 1274 3875 im-

230 3912 366 3992 pediret.
412 3909 503 3975 ⁴Ubi
527 3931 583 3974 eos
606 3912 640 3973 in
661 3913 827 3976 sententia
849 3925 996 3995 perstare
1013 3915 1176 3992 viderunt,
1193 3913 1274 4002 quod
