2667 4159
43 205 79 261 B.
97 210 135 262 G.
150 204 223 263 vlt.
240 208 300 279 24]
365 210 396 272 Τ
391 204 431 273 hc
442 204 574 273 Roman
600 202 713 272 Works
728 205 888 294 arefired.
1045 225 1078 292 15
1085 222 1102 292 3
1174 187 1178 194 Ι

43 407 122 490 pice
148 404 395 480 fervefactam
421 403 556 467 maximi
582 399 738 487 ponderis
766 402 854 466 saxis
881 403 1103 480 morabantur,

45 508 291 590 moenibusque
307 507 568 588 appropinquare
585 503 814 586 prohibebant.

90 625 144 688 23.
172 608 261 670 Muri
286 618 394 669 autem
420 626 535 668 omnes
561 603 678 667 Gallici
706 604 766 668 hac
791 600 861 667 fere
884 600 990 668 forma
1013 613 1102 671 sunt.

46 709 179 772 Trabes
202 707 348 771 directae
373 716 550 787 perpetuae
574 704 608 766 in
631 702 881 785 longitudinem,
898 705 1034 786 paribus
1058 706 1104 768 in·

45 806 202 883 tervallis,
224 807 389 870 distantes
416 805 502 867 inter
529 824 565 868 se
591 803 688 866 binos
716 803 825 885 pedes,
849 803 881 867 in
910 803 979 868 solo
1006 805 1136 878 collo-5

44 921 185 971 cantur:
222 907 285 970 hae
315 905 541 968 revinciuntur
573 904 744 978 introrsus,
777 915 810 967 et
847 903 951 967 multo
982 925 1102 987 aggere

44 1009 256 1072 vestiuntur:
280 1026 319 1069 ea
335 1014 443 1068 autern
466 1025 549 1088 quae
564 1003 707 1067 diximus
727 1003 900 1068 intervalla
922 1005 1102 1086 grandibus

45 1110 77 1170 in
93 1107 207 1171 fronte
223 1106 309 1170 saxis
322 1102 547 1168 effarciuntur.
593 1100 684 1167 2Ι-Ιὶε
700 1103 868 1168 collocatis
880 1117 913 1167 et
930 1125 1103 1186 coagmen·

44 1209 133 1284 tatis,
158 1208 243 1270 alius
275 1207 410 1287 insuper
440 1205 520 1267 ordo
551 1204 690 1279 additur,
715 1216 752 1267 ut
780 1205 867 1268 idern
896 1205 974 1268 illud
1004 1205 1102 1269 inter·

44 1309 166 1372 vallum
193 1318 354 1380 servetur,
378 1327 485 1388 neque
507 1305 594 1368 inter
617 1325 652 1368 se
677 1306 872 1388 contingant
901 1307 1019 1382 trabes,
1044 1308 1100 1371 sed
1122 1335 1151 1372 10

43 1409 182 1491 paribus
206 1408 415 1472 intermissae
431 1405 553 1487 spatiis,
570 1405 723 1486 singulae
740 1406 878 1489 singulis
896 1407 980 1470 saxis
1001 1406 1101 1471 inter-

41 1509 152 1591 jectis,
184 1518 275 1572 arcte
308 1506 550 1571 contineamur.
613 1505 670 1570 Sic
702 1506 860 1589 deinceps
888 1528 986 1572 omne
1017 1528 1100 1589 opus

43 1609 244 1682 contexitur,
272 1608 349 1670 dum
379 1606 470 1689 justa
496 1605 583 1669 muri
609 1606 750 1672 altitudo
778 1607 954 1689 expleatur.
1001 1604 1101 1674 3Hoc

43 1731 134 1779 eum,
150 1710 185 1772 in
211 1708 354 1790 speciem
385 1709 644 1791 varietatemque
672 1728 755 1790 opus
779 1706 925 1773 deforme
950 1721 1100 1785 nonest,

43 1814 183 1878 alternis
208 1812 356 1876 trabibus
372 1833 411 1875 ac
427 1811 524 1886 saxis,
541 1832 625 1896 quae
645 1814 744 1876 rectis
766 1812 860 1876 lineis
878 1834 955 1876 suos
970 1814 1101 1877 ordines
1122 1841 1150 1894 15

43 1925 201 1978 servant:
227 1926 296 1976 tum
313 1914 353 1975 ad
373 1911 548 1975 utilitatem
566 1923 599 1976 et
618 1909 844 1976 defensionem
867 1913 994 1976 urbium
1013 1935 1100 1976 sum-

45 2035 131 2078 mam
155 2014 257 2077 habet
281 2013 584 2095 opportunitatem;
609 2013 696 2095 quod
721 2022 755 2076 et
777 2013 819 2075 ab
836 2013 989 2077 incendio
1009 2014 1101 2094 lapis,

44 2127 77 2179 et
102 2117 144 2178 ab
168 2114 273 2178 ariete
296 2113 434 2177 materia
457 2109 616 2186 defendit,
640 2133 735 2195 quae,
759 2114 926 2196 perpetuis
951 2115 1099 2178 trabibus

45 2217 147 2297 pedes
170 2215 399 2298 quadragenos
421 2213 613 2295 plerumque
635 2212 797 2276 introrsus
817 2213 973 2290 revincta,
993 2235 1101 2296 neque

46 2313 216 2396 perrumpi
232 2333 339 2397 neque
354 2313 492 2375 distrahi
510 2322 627 2394 potest.
1119 2331 1150 2368 20

89 2433 141 2494 24
168 2414 234 2476 His
251 2425 300 2476 tot
317 2414 415 2477 rebus
432 2413 589 2494 impedita
605 2413 861 2495 oppugnatione,
878 2413 1008 2490 milites
1026 2435 1099 2478 curn

46 2527 116 2579 toto
144 2527 294 2595 tempore
320 2511 443 2595 frigore
465 2524 499 2576 et
526 2513 668 2575 assiduis
695 2513 856 2576 imbribus
883 2515 1100 2587 tardarentur,

48 2629 160 2679 tamen
188 2613 372 2677 continenti
404 2615 515 2676 labore
545 2612 654 2677 omnia
686 2613 766 2676 baec
794 2626 1039 2694 superaverunt,
1067 2628 1099 2679 et

47 2719 164 2780 diebus
183 2733 264 2788 xxv,
281 2734 437 2796 aggerem
461 2714 561 2776 latum
587 2715 689 2796 pedes
712 2731 855 2788 cccxxx,
872 2715 975 2778 altum
1000 2718 1100 2798 pedes

49 2836 153 2890 lxxx,
181 2827 424 2878 exstruxerunt.
470 2811 577 2878 2Cum
607 2816 633 2878 is
662 2835 793 2878 murum
822 2817 967 2880 hostium
996 2838 1102 2899 paene
1121 2843 1150 2892 ²5

48 2919 268 2998 contingeret,
286 2925 320 2978 et
343 2915 465 2980 Caesar
480 2917 521 2979 ad
544 2937 628 2998 opus
649 2917 891 2980 consuetudine
916 2919 1100 2992 excubaret,

50 3018 237 3099 militesque
260 3017 449 3097 hortaretur
470 3037 512 3079 ne
535 3017 622 3099 quod
645 3017 782 3080 omnino
800 3028 929 3099 tempus
947 3020 989 3081 ab
1005 3039 1102 3100 opere

51 3116 495 3198 intermitteretur,-pau,lo
522 3128 600 3179 ante
628 3118 758 3181 tertiam
782 3117 926 3198 vigiliam
955 3129 1008 3182 est
1034 3119 1103 3181 ani-

52 3221 262 3282 madversum
302 3215 427 3280 fumare
466 3236 629 3298 aggerem,
664 3238 762 3300 quem
801 3219 953 3281 cuniculo
990 3220 1102 3283 hostes

53 3319 314 3391 succenderant;
344 3318 526 3399 eodemque
557 3329 706 3399 tempore
738 3328 808 3382 toto
839 3337 932 3382 muro
960 3319 1103 3384 clamore
1122 3353 1152 3403 30

54 3420 193 3494 sublat0,
208 3417 338 3482 duabus
362 3418 466 3498 portis
489 3418 531 3480 ab
555 3429 694 3501 utroque
718 3419 819 3483 latere
844 3421 983 3484 turrium
1007 3442 1103 3504 erup-

56 3520 99 3581 tio
114 3519 222 3582 fiebat.
268 3515 362 3581 3Alii
378 3515 467 3581 faces
491 3530 590 3601 atque
608 3520 733 3583 aridam
758 3523 929 3585 materiem
948 3523 990 3585 de
1010 3543 1103 3585 muro

56 3618 88 3680 in
114 3638 269 3700 aggerem
297 3617 426 3680 eminus
456 3617 641 3700 jaciebant;
673 3621 777 3700 picem
812 3623 1020 3706 reliquasque
1051 3643 1103 3686 res

58 3719 173 3801 quibus
193 3718 280 3801 ignis
300 3718 435 3782 excitari
457 3731 566 3800 potest
587 3717 790 3798 fundebant;
815 3735 859 3796 ut,
877 3745 942 3805 quo
962 3724 1104 3806 primurn

60 3831 250 3894 curreretur,
266 3830 322 3882 aut
346 3819 399 3882 eui
424 3819 468 3882 rei
492 3818 631 3883 ferretur
654 3821 820 3897 auxilium,
844 3823 898 3885 vix
921 3823 1006 3885 ratio
1030 3823 1104 3883 iniri
1123 3847 1154 3900 35

62 3931 199 4000 posset·
221 3916 382 3990 *Tamen
405 3920 491 4002 quod
517 3920 669 3982 instituto
695 3919 843 3982 Caesaris
869 3939 998 4002 semper
1020 3921 1104 3982 dirae
