2667 4159
164 162 208 225 26
387 160 453 223 The
479 159 661 243 Campaign
684 160 819 243 against
840 159 1039 224 Ariovistus.
1148 171 1270 244 [Casan
1320 159 1321 162 ¹

207 373 279 415 rum
310 351 399 416 bello
438 372 514 415 esse
552 361 773 433 perspectam.
837 348 995 435 121taque
1033 372 1069 415 se
1108 356 1197 435 quod
1235 355 1267 417 in
1320 411 1321 428 ,

207 451 392 532 longiorem
425 450 738 517 diemconlaturus
776 447 896 513 fuisset
928 460 1266 531 repraesentaturum,

207 559 240 609 et
264 547 412 628 proxima
443 557 542 609 nocte
567 548 608 609 de
632 557 750 628 quarta
765 547 880 629 vigilia
902 556 1012 610 castra
1035 558 1215 623 moturum,
1232 542 1267 611 ut
1320 615 1321 618 ,

207 644 465 726 quamprimum
488 644 685 725 intellegere
701 653 825 725 posset,
845 654 955 707 utrum
973 648 1061 727 apud
1082 668 1141 709 eos
1163 649 1269 729 pudor
1320 647 1321 726 f

180 754 306 823 5atque
332 740 477 804 officium
505 762 547 803 an
574 741 673 803 timor
689 741 824 804 valeret.
881 738 1017 824 13Quod
1043 745 1070 805 si
1096 755 1268 825 praeterea

207 860 305 902 nemo
343 848 510 921 sequatur,
543 848 656 900 tamen
690 858 727 901 se
766 852 840 901 cum
873 839 946 904 sola
966 841 1105 903 decima
1137 843 1268 923 legione

207 938 339 1012 iturum,
365 937 407 999 de
438 956 503 1018 qua
526 956 592 998 non
617 936 795 1010 dubitaret,
814 936 945 1018 sibique
969 958 1042 1001 earn
1066 941 1266 1019 praetoriam

208 1035 379 1098 cohortem
397 1032 563 1096 futuram)
613 1033 705 1095 Huic
729 1034 853 1115 legioni
879 1034 1003 1098 Caesar
1026 1045 1060 1098 et
1083 1035 1267 1099 indulserat

206 1132 393 1213 praecipue,
412 1141 445 1194 et
462 1140 598 1213 propter
613 1131 773 1194 virtutem
792 1132 983 1195 confidebat
1000 1134 1152 1197 maxime.

167 1253 196 1287 ιο
250 1248 301 1308 41,
329 1230 405 1291 Hac
429 1229 579 1291 oratione
613 1229 735 1303 habita,
761 1229 880 1291 mirum
912 1230 947 1292 in
971 1232 1114 1305 modum,
1134 1252 1268 1294 conver-

208 1347 265 1390 sae
296 1336 374 1390 sunt
405 1327 554 1389 omnium
586 1337 728 1401 mentes,
754 1347 951 1409 summaque
982 1328 1134 1391 alacritas
1158 1339 1194 1392 et
1216 1350 1267 1391 cu·
1320 1395 1321 1412 χ

208 1425 330 1506 piditas
357 1423 437 1487 belli
468 1425 606 1506 gerendi
638 1424 755 1487 innata
786 1436 858 1500 est;
893 1426 1114 1507 princepsque
1138 1427 1268 1491 decima

207 1522 296 1604 legio
320 1542 381 1603 per
403 1522 556 1585 tribunos
582 1522 724 1584 militurn
749 1522 780 1584 ei
803 1523 928 1603 gratias
952 1524 1031 1604 egit,
1053 1525 1145 1605 quod,
1167 1526 1208 1587 de
1231 1546 1266 1587 se

208 1620 371 1701 optimum
412 1619 574 1701 judicium
619 1616 768 1694 iecisset,
801 1640 904 1702 seque
946 1624 1033 1683 esse‘
1063 1622 1104 1683 ad
1143 1621 1265 1685 bellum

168 1740 195 1793 ¹5
208 1718 392 1800 gerendum
409 1718 655 1798 paratissimam
675 1718 894 1781 confirmavit.
941 1715 1098 1781 ²Deinde
1122 1720 1266 1801 reliquae

208 1816 358 1897 legiones
385 1836 460 1879 cum
493 1816 636 1878 tribunis
667 1816 811 1877 militum
843 1826 878 1878 et
908 1816 1089 1896 primorum
1114 1818 1266 1880 ordinum

208 1913 460 1976 centurionibus
499 1922 649 1995 egerunt,
691 1914 740 1975 uti
780 1913 915 1976 Caesari
953 1910 1208 1978 satisfacerent:
1230 1934 1265 1978 se
1320 1991 1322 2008 ι

209 2030 318 2092 neque
346 2030 501 2091 umquam
534 2011 716 2085 dubitasse,
750 2030 858 2092 neque
890 2011 1052 2084 timuisse,
1085 2032 1195 2094 neque
1225 2014 1265 2076 de
1320 2017 1322 2051 ³

209 2128 340 2170 summa
354 2108 433 2170 belli
451 2128 546 2170 suurn
563 2107 735 2188 judicium,
754 2109 813 2170 sed
831 2108 1039 2188 imperatoris
1064 2129 1139 2171 esse
1156 2109 1266 2172 existi·
1320 2111 1322 2186 ζ

166 2228 197 2263 20
209 2204 362 2267 mavisse.
408 2202 556 2267 ³E0rum
574 2202 803 2267 satisfactione
816 2215 963 2286 accepta,
978 2215 1012 2269 et
1028 2205 1149 2269 itinere
1160 2206 1267 2288 exqui-

209 2302 274 2365 sito
298 2322 357 2384 per
388 2301 603 2377 Divitiacum,
628 2303 716 2383 quod
740 2322 780 2364 ex
807 2302 880 2365 aliis
899 2294 936 2365 'ei
961 2302 1139 2367 maximam
1168 2306 1264 2367 fidem

209 2400 362 2473 habebat,
381 2410 417 2461 ut
442 2399 566 2461 milium
588 2400 730 2480 amplius
754 2400 998 2481 quinquaginta
1020 2401 1162 2463 circuitu
1185 2402 1265 2465 locis
1320 2435 1321 2442 ,

208 2497 333 2580 apertis
357 2497 538 2584 exercitum
563 2497 711 2571 duceret,
728 2497 770 2559 de
794 2506 912 2577 quarta
926 2497 1048 2578 vigilia,
1067 2508 1104 2560 ut
1127 2499 1263 2571 dixerat,

209 2592 379 2675 proiectus
418 2604 478 2658 est.
540 2592 718 2676 4Septimo
748 2594 811 2669 die,
845 2614 921 2656 cum
959 2594 1024 2657 iter
1062 2616 1128 2657 non
1168 2597 1266 2658 inter·
1320 2591 1322 2664 ᾖ

166 2714 195 2767 25
209 2694 368 2767 mitteret,
386 2691 428 2755 ab
451 2691 717 2774 exploratoribus
742 2692 865 2753 certior
887 2689 996 2753 lactus
1020 2702 1083 2765 est,
1099 2691 1264 2755 Ariovisti
1320 2686 1322 2704 '

209 2791 320 2871 copias
346 2810 365 2852 a
390 2788 513 2851 nostris
545 2788 679 2852 milibus
707 2808 865 2871 passuum
897 2797 1055 2870 quattuor
1081 2798 1116 2852 et
1145 2789 1264 2871 viginti
1320 2797 1321 2814 ³

207 2888 334 2952 abesse.

250 3002 301 3064 42.
328 2984 474 3066 Cognito
500 2982 651 3048 Caesaris
677 2984 834 3058 adventu,
857 2981 1050 3046 Ariovistus
1073 2983 1202 3065 legatos
1225 2985 1264 3046 ad
1320 2979 1322 3059 j

209 3103 283 3146 eum
316 3082 440 3145 mittit:
468 3083 555 3163 quod
587 3080 687 3144 antea
717 3082 759 3143 de
780 3080 956 3162 conloquio
987 3078 1200 3162 postulasset,
1233 3081 1263 3142 id

166 3202 197 3251 30
208 3198 268 3260 per
292 3199 328 3241 se
359 3178 432 3242 fieri
455 3178 564 3267 licere,
583 3178 739 3259 quoniam
771 3177 907 3259 propius
931 3179 1141 3252 accessisset,
1165 3199 1264 3260 seque
1320 3178 1322 3203 ³

209 3277 241 3339 id
260 3279 331 3339 sine
349 3275 495 3356 periculo
518 3273 628 3338 facere
652 3295 751 3356 posse
768 3274 967 3337 existimare.
1014 3271 1115 3337 ²Non
1140 3276 1263 3356 respuit
1320 3293 1322 3350 j

209 3372 441 3437 condicionem
467 3372 598 3446 Caesar,
616 3372 750 3452 jamque
774 3392 851 3434 eum
875 3371 916 3433 ad
941 3372 1119 3433 sanitatem
1144 3370 1264 3435 reverti

208 3471 440 3544 arbitrabatur,
473 3489 547 3531 cum
581 3470 622 3544 id,
656 3469 744 3551 quod
768 3478 868 3531 antea
898 3470 1026 3549 petenti
1055 3471 1262 3552 denegasset,

208 3568 296 3630 ultro
320 3566 552 3647 polliceretur;
578 3587 799 3648 magnamque
828 3566 862 3626 in
887 3586 981 3645 spem
1006 3566 1174 3642 veniebat,
1207 3586 1264 3649 pro

166 3687 196 3740 35
210 3666 279 3727 suis
306 3664 410 3727 tantis
442 3664 620 3745 populique
653 3663 798 3725 Romani
830 3663 864 3723 in
896 3684 971 3725 eum
1003 3664 1185 3739 beneficiis,
1218 3684 1265 3727 co-

210 3762 312 3844 gnitis
344 3761 413 3823 suis
445 3757 736 3840 postulatis„fore
772 3759 821 3821 uti
860 3760 1043 3839 pertinacia
1080 3762 1262 3824 desisteret⁴
1320 3831 1322 3864 r
