2667 4159
123 181 165 243 30
346 166 377 229 T
372 167 413 229 lte
438 166 619 252 Campazgn
643 169 779 252 against
799 169 998 233 Ariovistus.
1107 184 1248 254 [Casan

164 368 260 433 teret,
278 358 416 422 liberam
442 362 564 425 debere
589 382 663 424 esse
689 362 841 438 Galliam,
866 382 964 444 quam
989 362 1079 424 bello
1101 362 1248 425 victam

165 456 233 519 suis
250 456 381 538 legibus
399 458 447 519 uti
464 458 645 523 voluisset'

207 556 257 633 46.
292 555 380 616 Dum
414 556 496 619 haec
528 557 561 619 in
585 557 762 639 conloquio
786 567 956 639 geruntur,
982 556 1118 621 Caesari
1146 578 1252 620 nun-

163 654 282 716 tiatum
300 663 352 715 est
368 653 498 734 equites
519 653 683 733 Ariovisti
707 657 841 737 propius
865 655 1031 717 tumulum
1054 656 1248 731 accedere,

137 762 198 825 set
229 752 270 813 ad
301 760 435 813 nostros
466 751 668 833 adequitare,
701 753 829 834 lapides
853 753 992 834 telaque
1025 752 1059 814 in
1090 762 1249 817 nostros

164 850 324 912 conicere.
392 845 541 912 ²Caesar
578 850 737 932 loquendi
775 850 877 913 finem
915 848 1004 925 facit,
1044 869 1150 931 seque
1193 853 1249 914 ad
1330 841 1334 851 ⁴

164 968 241 1009 suos
266 946 391 1027 recipit,
412 946 549 1029 suisque
574 948 760 1029 imperavit,
778 967 821 1010 ne
845 949 934 1030 quod
958 947 1094 1010 omnino
1118 948 1248 1013 telum

164 1046 197 1107 in
237 1046 351 1109 hostes
391 1044 564 1108 reicerent.
626 1041 738 1106 3Nam
774 1044 839 1108 etsi
874 1045 947 1107 sine
978 1044 1044 1107 ullo
1075 1045 1249 1125 periculo

163 1143 305 1224 legionis
330 1142 480 1205 delectae
504 1162 578 1205 cum
603 1143 755 1224 equitatu
783 1142 943 1223 proelium
975 1140 1046 1205 fore
1077 1142 1248 1223 videbat,

123 1252 275 1303 rotamen
304 1240 582 1303 committendum
609 1260 676 1302 non
707 1240 856 1321 putabat,
880 1249 917 1301 ut
940 1238 1045 1321 pulsis
1069 1239 1249 1305 hostibus

164 1339 228 1401 dici
246 1347 358 1420 posset
376 1358 434 1400 eos
451 1339 493 1400 ab
506 1357 542 1400 se
559 1358 618 1419 per
637 1338 738 1400 fidem
762 1337 795 1399 in
821 1337 997 1419 conloquio
1020 1337 1252 1403 circumven-

164 1447 225 1499 tos.
272 1433 517 1516 4Posteaquam
543 1436 577 1497 in
600 1435 722 1517 vulgus
746 1433 888 1497 militum
920 1434 1044 1497 elatum
1076 1445 1140 1508 est,
1165 1458 1251 1519 qua

163 1534 367 1615 adrogantia
386 1533 419 1593 in
453 1533 629 1614 conloquio
653 1531 849 1595 Ariovistus
881 1552 961 1594 usus
992 1532 1083 1594 omni
1115 1531 1252 1599 Gallia

165 1632 328 1695 Romanis
367 1630 606 1706 interdixisset,
640 1630 870 1712 impetumque
909 1629 944 1691 in
982 1639 1116 1708 nostros
1153 1631 1250 1713 ejus

122 1754 149 1805 15
164 1730 294 1811 equites
318 1725 488 1802 iecissent,
514 1747 619 1809 eaque
643 1748 697 1790 res
720 1726 934 1809 conloquium
959 1736 996 1789 ut
1019 1726 1249 1806 diremisset,

163 1827 268 1889 multo
306 1826 413 1907 major
450 1825 603 1888 alacritas
641 1825 856 1908 studiumque
900 1824 1071 1907 pugnandi
1113 1825 1251 1910 majus

163 1924 323 1989 exercitui
339 1923 500 2004 injectum
518 1932 579 1986 est.

205 2038 255 2102 47.
290 2022 396 2083 Biduo
435 2030 511 2102 post
549 2020 744 2083 Ariovistus
787 2021 829 2083 ad
873 2019 1051 2084 Caesarem
1090 2019 1250 2102 legatos

162 2122 289 2184 mittit:
326 2118 440 2180 ‘Velle
473 2138 508 2180 se
543 2119 584 2180 de
615 2118 667 2181 his
699 2118 808 2193 rebus,
840 2137 925 2199 quae
959 2118 1138 2180 intereos
1176 2126 1251 2205 agi

119 2242 151 2277 20
163 2229 301 2299 coeptae
325 2236 434 2298 neque
454 2213 622 2296 perlectae
646 2226 771 2291 essent,
788 2235 888 2297 agere
912 2236 988 2279 cum
1012 2237 1072 2281 eo
1096 2218 1152 2279 uti
1171 2234 1250 2285 aut

161 2319 281 2379 iterum
307 2313 484 2394 conloquio
515 2313 602 2376 diem
635 2314 867 2388 constitueret,
891 2324 959 2398 aut,
986 2315 1012 2377 si
1044 2316 1077 2378 id
1108 2318 1251 2387 minus

159 2414 269 2487 vellet,
287 2431 306 2474 e
326 2411 394 2473 suis
419 2411 539 2492 legatis
563 2410 707 2492 aliquem
732 2411 773 2473 ad
797 2432 833 2475 se
858 2400 1028 2477 mitteret’
1073 2411 1252 2483 ²C0nlo-

160 2511 283 2595 quendi
308 2508 443 2572 Caesari
467 2528 568 2570 causa
590 2508 662 2571 visa
685 2529 753 2571 non
777 2520 852 2587 est3
875 2522 908 2574 et
933 2532 973 2576 eo
996 2512 1111 2594 magiS,
1132 2523 1251 2597 quod

152 2610 265 2691 pridie
282 2607 355 2687 ejus
372 2606 437 2668 diei
463 2605 621 2667 Germani
646 2606 784 2670 retineri
808 2628 875 2671 non
900 2620 1065 2692 poterant,
1082 2612 1178 2692 quin
1202 2617 1248 2681 in

115 2730 145 2781 25
159 2717 291 2769 nostros
323 2703 390 2765 tela
417 2704 618 2766 conicerent.
667 2705 833 2787 Legatum
858 2725 877 2770 e
901 2707 971 2770 suis
995 2726 1069 2770 sese
1092 2728 1253 2793 magno

159 2825 232 2867 cum
261 2800 408 2884 periculo
440 2800 481 2862 ad
512 2820 588 2863 eum
626 2801 817 2879 missurum,
848 2814 881 2868 et
914 2805 1105 2871 hominibus
1140 2806 1254 2879 feris

158 2900 366 2982 objecturum
394 2898 614 2989 existimabat.
661 2896 1002 2966 3Commodissimum
1031 2902 1146 2968 visum
1178 2925 1253 2978 est

158 2998 277 3061 Gaium
308 2994 479 3057 Valerium
514 2994 701 3074 Procillum,
728 2996 765 3063 C.
797 2998 913 3062 Valeri
944 2998 1066 3063 Caburi
1098 3001 1251 3088 filiurn,

158 3115 287 3159 summa
324 3093 449 3154 virtute
484 3102 517 3154 et
550 3093 761 3157 humanitate
792 3096 1254 3186 adulescentem—cujus

113 3213 145 3261 30
156 3203 294 3274 patera
325 3189 409 3253 Gaio
439 3189 575 3251 Valerio
601 3190 723 3253 Flacco
748 3192 883 3255 civitate
906 3195 1049 3256 donatus
1073 3209 1169 3275 erat,
1203 3220 1254 3273 et

156 3299 291 3372 propter
322 3288 421 3351 fidem
454 3298 487 3351 et
519 3297 655 3369 propter
685 3289 820 3371 linguae
848 3291 996 3356 Gallicae
1026 3292 1253 3383 scientiam,

155 3408 220 3470 qua
259 3385 363 3447 multa
400 3385 468 3466 jam
507 3384 700 3448 Ariovistus
748 3388 931 3470 longinqua
969 3397 1255 3469 consuetudine

155 3484 321 3558 utebatur,
347 3492 380 3545 et
405 3482 493 3563 quod
518 3482 552 3542 in
576 3502 614 3544 eo
638 3486 799 3563 peccandi
825 3485 999 3548 Germanis
1021 3507 1126 3551 causa
1157 3516 1254 3566 non

154 3582 360 3656 esset—ad
393 3600 467 3642 eum
500 3578 644 3653 mittere,
670 3591 703 3642 et
729 3582 773 3644 M.
800 3583 954 3658 Metium,
979 3584 1035 3665 qui
1066 3586 1256 3671 hospitio

111 3703 141 3755 35
155 3678 318 3742 Ariovisti
351 3678 514 3739 utebatur.
576 3674 665 3739 ⁴¹His
698 3680 877 3754 mandavit,
902 3691 937 3742 ut
969 3702 1054 3763 quae
1086 3684 1255 3763 diceret

155 3776 347 3839 Ariovistus
365 3783 618 3855 cognoscerent,
637 3776 727 3836 etad
748 3795 784 3838 se
801 3774 972 3841 referrent.
1023 3780 1254 3865 QUOS,·t:um
