2667 4159
147 174 190 236 68
410 173 552 255 Endos
570 175 623 236 tlte
652 175 683 236 T
679 175 760 237 hard
782 174 972 259 Campaign.
1133 187 1271 256 [CAESAR

236 381 285 446 29.
313 363 466 447 Reliquis
490 365 648 447 deinceps
682 366 799 429 diebus
824 366 948 429 Caesar
980 364 1079 428 silvas
1111 364 1267 427 caedere

192 457 347 537 instituit,
372 471 407 524 et
438 482 481 524 ne
512 463 584 545 quis
616 463 799 527 inermibus
830 462 1164 545 imprudentibusque
1201 462 1268 522 mi-

192 560 307 623 litibus
346 559 387 621 ab
424 558 529 622 latere
560 560 705 641 impetus
737 560 808 623 fieri
847 569 972 642 posset,
1005 580 1136 622 omnem
1179 579 1265 620 earn

193 656 373 731 materiam,
391 676 475 739 quae
500 667 571 721 erat
596 677 702 733 caesa,
728 678 922 721 conversam
950 658 991 720 ad
1019 658 1149 720 hostem
1177 676 1269 718 con-

166 755 333 830 slocabat,
365 764 399 817 et
430 775 490 836 pro
520 754 607 818 vallo
638 756 679 817 ad
712 766 889 843 utrumque
920 754 1009 818 latus
1047 754 1263 818 exstruebat.

191 849 407 915 ²Incredibili
425 851 596 916 celeritate
620 872 742 935 magno
767 853 873 935 spatio
897 853 1013 936 paucis
1036 852 1153 916 diebus
1177 872 1268 913 con-

192 951 291 1032 fect0,
318 975 392 1017 cum
420 953 486 1037 jam
514 974 617 1036 pecus
642 963 744 1035 atque
773 960 921 1014 extrema
946 950 1186 1031 impedimenta
1213 950 1266 1011 ab

193 1052 317 1115 nostris
340 1061 545 1125 tenerentur,
571 1050 635 1133 ipsi
657 1048 831 1113 densiores
855 1048 956 1112 silvas
979 1056 1142 1129 peterent,
1167 1046 1267 1127 ejus-

194 1150 283 1212 modi
305 1160 383 1213 sunt
403 1158 624 1231 tempestates
650 1157 861 1221 consecutae,
881 1146 929 1210 uti
954 1166 1037 1226 opus
1063 1144 1264 1207 necessario

153 1269 183 1305 ιο
195 1246 482 1322 intermitteretur,
509 1256 543 1309 et
569 1244 821 1308 continuatione
850 1243 1006 1305 imbrium
1033 1241 1157 1304 diutius
1191 1242 1263 1303 sub

193 1344 336 1427 pellibus
364 1345 486 1407 milites
517 1342 683 1406 contineri
715 1362 781 1403 non
813 1349 960 1421 possent.
1007 1336 1151 1421 3Itaque
1181 1359 1264 1400 vas-

194 1442 274 1505 tatis
298 1442 452 1505 omnibus
477 1461 591 1505 eorum
616 1438 714 1522 agris
739 1438 821 1500 vicis
845 1436 1071 1518 aedificiisque
1092 1435 1259 1510 incensis

196 1539 321 1604 Caesar
351 1538 533 1602 exercitum
556 1536 697 1613 reduxit,
722 1545 755 1599 et
780 1536 812 1596 in
838 1533 994 1596 Aulercis
1019 1532 1259 1614 Lexoviisque,

196 1633 333 1719 reliquis
349 1636 429 1699 item
448 1636 638 1699 civitatibus
661 1653 747 1716 quae
770 1630 918 1713 proxime
943 1629 1066 1691 bellum
1090 1625 1259 1705 fecerant,

155 1756 183 1809 15
196 1735 230 1796 in
247 1734 395 1798 hibernis
412 1732 604 1796 conlocavit.
