2667 4159
223 174 282 235 116
377 170 538 233 AGallic
552 171 665 251 Levy,·
690 169 855 233 Labienus
872 170 901 233 e's
917 171 1104 233 threatened.
1145 168 1272 239 [CAESAR

218 365 341 428 nullum
360 375 490 447 tempus
515 353 772 438 intermiserunt,
790 364 868 447 quin
888 376 977 427 trans
1004 366 1159 429 Rhenum
1187 367 1273 449 lega·

217 477 269 529 tos
288 466 464 539 mitterent,
481 466 631 527 civitates
656 464 880 540 sollicitarent,
897 466 1054 545 pecunias
1077 466 1273 548 polliceren-

217 577 279 641 tur,
311 586 432 647 magna
471 575 562 646 parte
603 566 767 627 exercitus
808 566 910 627 nostri
948 563 1129 640 interfecta,
1166 569 1272 629 multo

217 666 376 727 minorem
409 684 582 745 superesse
613 664 761 725 dicerent
795 675 928 744 partem.
980 660 1122 746 ²Neque
1158 678 1271 728 tamen

187 765 273 837 sulli
295 763 420 827 civitati
442 763 681 826 Germanorum
707 762 896 843 persuaderi
921 764 1027 845 potuit
1052 776 1086 825 ut
1112 764 1270 828 Rhenum

217 866 382 941 transiret,
395 886 469 927 cum
487 886 522 927 se
539 864 590 926 bis
606 874 759 944 expertos
776 863 933 938 dicerent,
947 862 1108 926 Ariovisti
1125 865 1222 940 bello
1240 876 1272 929 et

216 968 452 1029 Tencterorum
473 964 633 1029 transitu:
657 984 723 1025 non
736 982 811 1027 esse
825 963 966 1044 amplius
982 961 1148 1026 fortunam
1167 974 1272 1048 temp

217 1077 353 1129 taturos.
399 1062 498 1129 ³Hac
522 1086 578 1147 spe
606 1064 718 1145 lapsus
751 1063 1006 1139 indutiomarus,
1030 1064 1132 1127 nihilo
1159 1066 1270 1128 minus

216 1167 327 1249 copias
344 1186 472 1248 cogere,
488 1186 649 1242 exercere,
667 1185 686 1228 a
707 1164 855 1227 finitimis
875 1185 977 1247 equos
997 1186 1121 1246 parare,
1139 1167 1270 1229 exsules

170 1295 200 1333 ιο
216 1270 456 1350 damnatosque
479 1276 549 1330 tota
573 1266 680 1329 Gallia
697 1266 826 1347 magnis
851 1265 1004 1348 praemiis
1020 1266 1061 1327 ad
1085 1286 1121 1329 se
1138 1266 1270 1330 allicere

216 1370 331 1451 coepit.
379 1368 432 1431 Ac
454 1379 578 1432 tantam
596 1367 659 1431 sibi
682 1366 749 1450 jam
771 1367 822 1429 his
839 1368 935 1431 rebus
953 1368 986 1430 in
1005 1369 1111 1433 Gallia
1127 1374 1269 1436 auctori-

215 1484 316 1536 tatem
334 1480 590 1553 comparaverat,
607 1480 643 1532 ut
667 1470 812 1551 undique
829 1470 867 1531 ad
890 1488 964 1531 eum
989 1468 1173 1552 legationes
1191 1494 1269 1536 con·

216 1584 394 1648 currerent,
412 1570 551 1656 gratiam
576 1583 675 1655 atque
693 1568 870 1633 amicitiam
894 1569 1025 1652 publice
1048 1571 1269 1658 privatimque

215 1687 373 1759 peterent.

170 1801 199 1853 15
262 1781 308 1859 56.
335 1780 403 1844 Ubi
430 1778 590 1843 intellexit
615 1776 700 1840 ultro
724 1778 764 1839 ad
789 1797 822 1840 se
846 1774 960 1851 veniri,
985 1777 1087 1839 altera
1110 1797 1151 1839 ex
1175 1789 1267 1859 parte

216 1879 366 1944 Senones
408 1879 638 1963 Carnutesque
675 1876 880 1941 conscientia
915 1875 1067 1940 facinoris
1105 1877 1266 1961 instigari,

215 1982 317 2045 altera
346 1982 487 2045 Nervios
511 1980 773 2063 Aduatucosque
803 1978 921 2042 bellum
953 1979 1113 2042 Romanis
1142 2000 1266 2062 parare,

215 2105 322 2169 neque
339 2087 400 2150 sibi
423 2086 681 2150 voluntariorum
700 2084 810 2167 copias
826 2082 936 2147 defore
953 2083 979 2147 si
1004 2104 1044 2147 ex
1061 2082 1183 2145 finibus
1201 2082 1266 2146 suis

215 2189 367 2269 progredi
399 2188 571 2271 coepisset,
600 2196 761 2249 armatum
789 2184 963 2249 concilium
995 2184 1119 2248 indicit.
1167 2182 1266 2247 2Hoc

165 2313 197 2351 20
215 2309 305 2351 more
338 2288 503 2351 Gallorum
535 2299 586 2351 est
617 2287 745 2351 initium
779 2287 865 2363 belli,
896 2308 961 2370 quo
994 2286 1066 2368 lege
1098 2285 1267 2350 communi

215 2409 330 2451 omnes
356 2390 495 2470 puberes
513 2388 628 2451 armati
652 2388 829 2451 convenire
846 2398 1048 2451 consuerunt
1060 2408 1066 2463 ;
1091 2387 1207 2472 quiex
1230 2388 1267 2450 iis

215 2488 413 2551 novissimus
443 2489 544 2563 uenit,
576 2488 610 2550 in
643 2499 824 2569 conspectu
858 2486 1078 2551 multitudinis
1112 2489 1268 2551 omnibus

214 2589 414 2652 cruciatibus
438 2586 578 2653 affectus
603 2598 746 2653 necatur.
791 2586 855 2650 3In
879 2610 918 2651 eo
942 2589 1082 2652 concilio
1108 2588 1268 2669 Cingeto-

214 2687 328 2769 rigem,
361 2689 494 2752 alterius
534 2689 716 2771 principem
757 2686 920 2765 factionis,
956 2708 1116 2770 generum
1158 2710 1267 2764 suum,

165 2813 194 2865 23
214 2808 311 2869 quem
329 2810 427 2870 supra
450 2789 746 2851 demonstravimus
770 2788 921 2852 Caesaris
940 2800 1090 2851 secutum
1109 2789 1208 2851 fidem
1228 2790 1268 2853 ab

213 2909 253 2950 eo
271 2910 335 2951 non
352 2889 551 2963 discessisse,
564 2890 693 2951 hostem
708 2890 833 2973 judicat
850 2890 1002 2971 bonaque
1018 2888 1090 2971 ejus
1108 2890 1267 2971 publicat.

212 2986 302 3053 4His
322 2991 419 3053 rebus
443 2988 612 3063 confectis,
629 2990 662 3052 in
687 2990 825 3054 concilio
849 2990 1049 3072 pronuntiat,
1069 2990 1267 3070 arcessitum

214 3111 249 3153 se
265 3112 284 3153 a
309 3091 496 3155 Senonibus
512 3102 545 3153 et
570 3090 772 3153 Carnutibus
788 3091 924 3173 aliisque
942 3080 1167 3173 compluribus
1193 3091 1268 3155 Gal·

213 3190 275 3254 liae
292 3191 498 3266 civitatibus3
523 3192 587 3253 huc
610 3190 732 3253 iturum
750 3211 808 3273 per
828 3191 912 3253 fines
930 3178 1267 3267 Remorum,'{eorum-

164 3314 195 3364 30
213 3310 277 3373 que
316 3312 412 3373 agros
450 3290 703 3372 populaturum;
742 3311 779 3353 ac
820 3292 909 3372 prius
947 3312 1045 3374 quam
1082 3290 1115 3353 id
1134 3278 1266 3366 ‘-,faciat,

213 3402 321 3454 eastra
335 3391 473 3454 Labieni
490 3399 776 3473 oppugnaturum:
800 3412 884 3473 quae
900 3392 969 3455 fieri
985 3392 1064 3455 velit
1081 3379 1251 3473 praecipit.

259 3507 308 3572 57.
334 3492 509 3568 Labienus,
526 3513 600 3555 cum
618 3501 652 3556 et
675 3492 737 3554 loci
761 3501 878 3554 natura
901 3503 934 3556 et
957 3513 1056 3555 manu
1080 3465 1264 3555 murlitissi-

214 3592 275 3655 mis
292 3592 408 3656 castris
425 3613 499 3656 sese
517 3601 653 3667 teneret,
671 3593 712 3655 de
728 3613 788 3655 suo
804 3612 841 3655 ac
860 3591 999 3673 legionis
1020 3544 1263 3774 periculqnihil

214 3691 370 3769 timebat;
394 3713 547 3775 nequam
565 3692 774 3757 occasionem
795 3692 839 3754 rei
864 3694 949 3756 bene
972 3694 1137 3776 gerendae
1178 3692 1262 3755 imit·

214 3890 344 3972 pinquis
367 3891 514 3954 oratione
539 3892 752 3955 Indutiomari
777 3893 918 3974 cognita,
942 3915 1039 3976 qnam
1064 3894 1096 3955 in
1122 3916 1162 3958 co
1199 3893 1261 3959 cilio

165 3808 196 3861 35
214 3801 298 3853 teret
314 3791 488 3872 cogitabat.
533 3790 679 3875 ²Itaque,
697 3814 716 3855 a
741 3792 953 3875 Cingetorige
976 3805 1073 3878 atque
1095 3784 1262 4133 ejusYro·
