2667 4159
216 170 274 231 128
433 166 464 229 Τ
459 167 498 229 lze
514 167 622 230 Gallie
635 166 787 248 Family,·
813 168 865 231 tlte
882 166 1046 231 Gennans.
1135 166 1260 238 [CAESAR

209 362 377 444 filiumque
400 360 516 442 puerili
544 370 653 423 aetate
677 360 710 423 in
737 361 868 443 publico
891 361 924 423 in
948 373 1130 444 conspectu
1158 366 1259 445 patris

209 463 368 526 adsistere
385 473 479 542 turpe
495 462 628 524 ducunt.

258 582 304 645 19.
328 562 409 636 Viri,
427 571 566 645 quantas
590 564 748 645 pecunias
773 566 815 628 ab
838 566 993 630 uxoribus
1013 566 1099 630 dotis
1125 568 1259 631 nomine

208 674 413 744 acceperunt,
431 674 539 727 tantas
557 686 597 728 ex
613 666 682 729 suis
703 667 804 742 bonis,
821 668 1050 731 aestimatione
1070 666 1165 743 lacta,
1184 692 1258 733 cum

177 766 339 833 sdotibus
369 766 625 830 communicant.
680 764 815 851 ²Hujus
849 770 956 831 omnis
989 770 1149 850 pecuniae
1182 792 1259 833 con-

170 929 177 937 ,
206 867 345 949 junctim
363 868 447 930 ratio
467 867 615 944 habetur,
631 865 825 951 fructusque
840 880 1030 933 servantur:
1054 880 1128 932 uter
1144 890 1257 934 eorum

205 970 272 1032 vita
289 968 514 1049 superarit,'ad
539 990 614 1033 eum
637 990 712 1051 pars
731 970 901 1052 utriusque
924 991 998 1033 cum
1021 966 1186 1034 fructibus
1206 994 1260 1036 su·

206 1071 370 1152 periurum
394 1082 580 1152 temporum
601 1070 761 1152 pervenit.
806 1068 898 1133 3Viri
919 1070 952 1133 in
975 1092 1097 1147 uxores
1115 1072 1203 1136 sicut
1226 1073 1257 1136 in

206 1171 334 1246 liberos,
358 1170 445 1235 vitae
469 1172 627 1253 necisque
651 1172 774 1234 habent
798 1182 1019 1252 potestatem;
1047 1183 1080 1235 et
1105 1194 1180 1236 curn
1206 1195 1259 1257 pa-

161 1299 190 1335 10
208 1269 400 1336 terfamiliae
420 1272 596 1335 illustriore
615 1272 687 1334 loco
709 1283 804 1335 natus
821 1273 972 1349 decessit,
989 1275 1060 1357 ejus
1080 1274 1258 1357 propinqui

207 1372 416 1448 conveniunt,
433 1384 465 1435 et
489 1374 530 1435 de
548 1384 661 1448 morte,
679 1372 707 1434 si
730 1394 782 1435 res
806 1372 841 1435 in
863 1374 1081 1455 suspicionem
1098 1374 1199 1450 venit,
1217 1377 1258 1439 de

206 1476 360 1557 uxoribps
385 1474 417 1537 in
441 1474 593 1537 servilem
618 1475 750 1536 modum
770 1473 996 1557 quaestionem
1021 1474 1153 1549 habent,
1171 1488 1206 1539 et
1230 1476 1257 1539 si

206 1588 412 1658 compertum
432 1586 493 1651 est,
509 1575 578 1657 igni
602 1588 700 1657 atque
723 1575 876 1637 omnibus
900 1576 1073 1638 tormentis
1093 1579 1258 1639 excrucia·

207 1686 256 1739 tas
274 1676 483 1739 interficiunt.
529 1677 683 1739 ⁴Funera
699 1686 776 1738 sunt
796 1697 854 1757 pro
871 1677 961 1737 cultu
980 1676 1147 1739 Gallorum
1165 1698 1255 1759 mag-

159 1802 189 1855 15
206 1776 303 1839 nifica
324 1788 358 1841 et
382 1788 597 1859 sumptuosa;
621 1776 807 1858 omniaque,
825 1797 909 1859 quae
933 1776 1014 1837 vivis
1039 1776 1130 1839 cordi
1152 1775 1256 1841 luisse
1312 1821 1313 1824 κ

204 1878 415 1951 arbitrantur,
432 1876 465 1939 in
486 1877 596 1958 ignem
617 1874 773 1951 inierunt,
791 1876 889 1939 etiam
907 1877 1077 1939 animalia:
1101 1898 1140 1939 ac
1159 1878 1255 1959 paulo

204 1998 303 2058 supra
334 1978 419 2041 hanc
450 1976 641 2040 memoriam
670 1977 757 2040 servi
786 1987 820 2040 et
852 1976 999 2051 clientes
1028 1998 1110 2059 quos
1142 1978 1185 2040 ab
1216 1979 1253 2041 iis

203 2077 343 2144 dilectos
367 2099 440 2141 esse
466 2077 651 2153 constabat,
673 2077 772 2161 justis
799 2074 968 2141 funeribus
996 2075 1165 2152 confectis,
1191 2099 1254 2141 una

204 2179 444 2243 cremabantur.

154 2312 186 2349 20
249 2296 299 2343 20.
326 2278 419 2361 Quae
446 2278 596 2342 civitates
627 2277 832 2341 commodius
864 2298 956 2341 suam
988 2299 1056 2341 rem
1089 2279 1253 2359 publicam

203 2379 432 2443 administrare
462 2378 699 2453 existimantur,
727 2379 851 2441 habent
882 2378 1009 2460 legibus
1037 2392 1201 2455 sanctum,
1230 2380 1254 2442 si

203 2480 276 2563 quis
293 2480 370 2562 quid
394 2481 435 2543 de
454 2480 621 2560 republica
644 2499 663 2541 a
687 2478 835 2541 finitimis
859 2498 988 2541 rumore
1012 2490 1067 2541 aut
1090 2476 1181 2542 fama
1204 2501 1253 2543 ac-

202 2580 336 2661 ceperit,
360 2582 406 2643 uti
431 2582 471 2661 ad
495 2580 724 2661 magistratum
744 2575 879 2653 deferat,
897 2599 979 2642 neve
1003 2599 1076 2645 curn
1102 2601 1168 2661 quo
1193 2582 1254 2643 alio

203 2681 445 2744 communicet:
476 2678 587 2763 ²quod
620 2700 718 2762 saepe
750 2679 901 2742 homines
932 2680 1123 2742 temerarios
1155 2692 1254 2763 atque

154 2811 183 2865 ²5
203 2781 373 2864 imperitos
389 2778 480 2843 falsis
500 2780 688 2844 rumoribus
713 2780 835 2853 terreri,
853 2779 942 2843 etad
966 2776 1095 2842 facinus
1119 2780 1253 2862 impelli,

202 2893 235 2944 et
266 2884 307 2944 de
338 2881 475 2945 summis
504 2881 601 2944 rebus
632 2880 803 2944 consilium
837 2900 962 2961 capere,
990 2880 1160 2961 cognitum
1195 2894 1253 2945 est.

200 2980 441 3064 3Magistratus
458 3002 543 3064 quae
558 2982 629 3045 visa
645 2992 723 3045 suut
745 2981 933 3055 occultant;
957 3000 1106 3063 quaeque
1123 3002 1198 3045 esse
1215 3003 1255 3045 ex

203 3104 264 3147 usu
293 3083 524 3167 judicaverunt
555 3081 758 3145 multitudini
789 3082 941 3164 produnt.
1001 3082 1053 3144 De
1083 3082 1255 3163 republica

201 3189 265 3252 nisi
282 3210 340 3272 per
355 3188 532 3252 concilium
549 3182 636 3266 loqui
653 3203 720 3245 non
738 3182 940 3245 conceditur.

151 3316 183 3367 30
246 3308 294 3353 21.
321 3288 478 3353 Germani
504 3286 643 3348 multum
667 3283 709 3346 ab
733 3283 794 3346 hac
818 3282 1059 3346 consuetudine
1081 3279 1252 3348 differunt.

202 3391 288 3453 Nam
309 3412 416 3473 neque
441 3388 585 3452 Druides
608 3385 733 3449 habent
756 3384 811 3469 qui
836 3384 933 3447 rebus
950 3384 1070 3447 divinis
1095 3386 1253 3466 praesint,

200 3514 308 3575 neque
336 3492 503 3556 sacrificiis
531 3489 675 3553 student.
721 3484 891 3550 ²Deorum
920 3506 1058 3550 numero
1082 3506 1140 3550 eos
1166 3488 1253 3551 solos

200 3596 335 3672 ducunt,
352 3616 433 3677 quos
450 3604 589 3657 cernunt
604 3603 637 3655 et
659 3612 795 3674 quorum
814 3589 926 3672 aperte
942 3591 1060 3671 opibus
1084 3589 1251 3673 juvantur,

202 3695 312 3758 Solem
337 3706 370 3759 et
393 3694 580 3757 Vulcanum
604 3706 637 3757 et
662 3696 810 3771 Lunam;
839 3693 981 3778 reliquos
1006 3716 1048 3757 ne
1070 3690 1159 3756 lama
1184 3692 1252 3777 qui·

151 3815 182 3865 35
200 3796 274 3859 dem
295 3806 501 3876 acceperunt.
548 3793 648 3858 ³Vita
667 3794 773 3858 omnis
793 3796 825 3858 in
847 3796 1079 3859 venationibus
1097 3808 1198 3878 atque
1218 3794 1248 3853 in

201 3896 318 3958 studiis
338 3895 385 3956 rei
409 3896 557 3957 militaris
581 3897 752 3959 consistit:
776 3898 817 3959 ab
841 3896 984 3979 parvulis
1008 3896 1111 3960 labori
1135 3918 1173 3961 ac
1196 3897 1250 3960 du·
