2667 4159
29 260 60 310 B·
78 260 116 311 G·
134 255 205 308 Vll·
223 265 281 337 35]
350 256 483 318 Trouble
496 273 618 336 among
632 255 685 316 tlre
698 253 817 316 AEdui.
1027 269 1086 336 157

29 453 176 514 Avarico
201 460 390 531 expugnato
414 445 609 525 refugerant,
634 444 808 505 armandos
830 441 1086 524 vestiendosque

29 565 131 618 curat.
178 548 318 623 3Simul,
346 559 382 610 ut
413 548 602 610 deminutae
629 545 743 626 copiae
775 543 1085 624 redintegrarentur,

30 658 173 738 imperat
197 661 325 714 certum
350 668 522 711 numerum
547 647 687 709 militum
712 645 910 718 civitatibus
930 665 1036 727 quem,
1052 656 1086 708 et

31 778 128 839 quam
153 749 353 824 antediem,
376 749 410 810 in
433 759 542 811 castra
565 747 684 809 adduci
707 746 787 809 velit
800 767 808 820 ;
832 745 1087 827 sagittariosque

31 878 156 931 omnes,
172 875 311 938 quorum
329 862 400 913 erat
423 869 622 931 permagnus
646 857 802 910 numerus
820 847 851 908 in
878 845 992 919 Gallia,
1009 865 1087 908 con·
1107 875 1120 930 5

32 959 112 1040 quiri
131 967 167 1019 et
185 956 227 1018 ad
251 975 287 1016 se
304 951 391 1013 mitti
405 950 507 1033 jubet.
553 946 644 1010 4Ι-Ιίε
663 948 760 1010 rebus
777 947 927 1009 celeriter
943 946 976 1007 id
999 946 1086 1028 quod

32 1058 166 1120 Avarici
186 1054 371 1137 deperierat
389 1051 544 1131 expletur.
593 1049 730 1111 Interim
751 1049 978 1121 Teutomatus
997 1045 1086 1108 Ollo-

33 1158 157 1222 viconis
186 1156 281 1229 filius
309 1175 367 1217 rex
396 1150 631 1230 Nitiobrigum,
658 1148 753 1229 cujus
780 1159 874 1230 pater
901 1148 942 1210 ab
969 1158 1086 1210 senatu

33 1272 146 1322 nostro
163 1257 289 1321 amicus
310 1265 380 1318 erat
401 1250 595 1335 appellatus,
612 1271 687 1313 cum
706 1271 827 1330 magno
846 1251 992 1332 equitum
1012 1271 1087 1314 suo-

33 1381 103 1421 rum
126 1377 264 1420 numero
288 1368 322 1419 et
345 1377 427 1439 quos
450 1375 492 1416 ex
515 1350 699 1433 Aquitania
722 1350 924 1422 conduxerat
947 1353 986 1413 ad
1011 1373 1087 1416 eum
1109 1366 1138 1401 ¹0

32 1458 189 1540 pervenit.

75 1577 125 1638 32.
152 1557 276 1622 Caesar
300 1554 435 1619 Avarici
458 1554 644 1637 complures
664 1555 736 1619 dies
752 1566 982 1626 commoratus
1000 1574 1088 1616 sum-

33 1679 185 1741 mamque
202 1657 248 1719 ibi
265 1657 392 1737 copiam
408 1653 568 1718 frumenti
585 1666 619 1718 et
639 1652 756 1739 reliqui
773 1665 976 1746 commeatus
991 1673 1089 1716 nanc·

34 1771 97 1833 tus,
124 1757 306 1821 exercitum
338 1777 378 1818 ex
408 1756 518 1818 labore
550 1766 649 1838 atque
681 1755 791 1837 inopia
822 1744 946 1818 refecit.
992 1751 1086 1833 ²Jam

34 1881 132 1940 prope
157 1859 267 1920 hieme
283 1854 583 1929 confecta-cum
609 1856 681 1936 ipso
703 1857 780 1918 anni
805 1869 952 1937 tempore
969 1856 1007 1916 ad
1033 1874 1088 1934 ge·
1109 1851 1137 1905 Ι5

35 1961 171 2022 rendum
196 1957 319 2022 bellum
342 1968 522 2030 vocaretur,
547 1957 644 2019 etad
671 1957 799 2021 hostem
824 1956 988 2038 proficisci
1011 1975 1088 2018 con-

36 2061 208 2134 stituisset,
234 2059 305 2121 sive
327 2077 402 2119 eum
426 2078 467 2120 ex
491 2056 667 2139 paludibus
693 2059 852 2141 silvisque
875 2057 994 2120 elicere
1018 2056 1089 2118 sive

36 2161 206 2223 obsidione
237 2179 385 2241 premere
416 2158 708 2240 posses-legati
740 2160 781 2221 ad
817 2179 892 2222 eum
923 2157 1088 2240 principes

39 2261 250 2323 Haeduorum
268 2259 414 2332 veniunt,
431 2270 569 2334 oratum,
587 2271 624 2322 ut
643 2259 784 2322 maxime
801 2259 988 2322 necessario
1008 2267 1089 2320 tem-

37 2383 113 2442 pore
129 2359 257 2423 civitati
281 2358 473 2422 subveniat:
495 2356 666 2424 3‘summo
686 2381 760 2424 esse
783 2359 817 2422 in
837 2360 982 2442 periculo
1000 2379 1088 2434 rem;
1108 2370 1139 2406 ²0

38 2463 133 2543 quod,
156 2481 231 2524 cum
256 2460 378 2540 singuli
406 2460 622 2541 magistratus
651 2461 835 2544 antiquitus
860 2460 961 2523 creari
990 2470 1089 2542 atque

39 2563 160 2642 regiam
193 2572 395 2642 potestatem
429 2581 552 2623 annum
587 2561 737 2624 obtinere
770 2570 992 2633 consuessent,
1025 2561 1089 2622 duo

40 2663 270 2742 magistratum
295 2671 421 2742 gerant,
437 2671 471 2724 et
494 2683 530 2724 se
555 2672 694 2743 uterque
718 2681 830 2724 eorum
856 2661 983 2743 legibus
1005 2681 1091 2722 crea·
1146 2668 1148 2672 ’

40 2773 105 2823 tum
123 2781 198 2824 esse
213 2761 311 2823 dicat.
358 2758 512 2824 ⁴Horum
530 2782 605 2825 esse
624 2761 764 2824 alterum
785 2761 1089 2834 Conuictolitauem,

42 2861 210 2926 florentem
237 2873 271 2924 et
302 2861 462 2924 illustrem
490 2862 755 2939 adulescentem;
787 2862 926 2926 alterum
960 2862 1090 2936 Cotum,
1110 2868 1138 2922 ²5

42 2962 268 3045 antiquissima
281 2959 405 3024 familia
424 2973 547 3037 natum,
564 2973 664 3045 atque
688 2963 794 3044 ipsum
819 2963 986 3025 hominem
1004 2983 1090 3024 sum-

44 3082 110 3126 mae
129 3061 297 3145 potentiae
312 3072 346 3126 et
367 3083 508 3144 magnae
523 3064 739 3144 cognationis
758 3063 852 3145 cujus
876 3064 976 3126 frater
992 3062 1090 3126 Vale-

45 3163 143 3227 tiacus
180 3162 329 3245 proximo
360 3184 447 3226 anno
483 3165 623 3226 eundem
662 3164 893 3244 magistratum
931 3164 1091 3243 gesserit;

45 3263 206 3326 civitatem
232 3285 364 3327 ornnem
387 3283 464 3328 esse
486 3264 521 3326 in
543 3263 650 3338 armis,
669 3263 811 3326 divisum
836 3273 997 3336 senatum,
1014 3264 1091 3325 divi·

47 3383 113 3424 sum
137 3365 304 3446 populum,
327 3384 402 3427 suas
426 3363 587 3446 cujusque
609 3384 722 3427 eorum
747 3365 923 3427 clientelas
945 3367 947 3370 ’
969 3360 1091 3445 ⁵Quod
1111 3379 1142 3430 30

47 3462 74 3522 si
94 3465 215 3527 diutius
239 3466 346 3527 alatur
368 3465 609 3537 controversia,-
628 3462 700 3527 fore
724 3465 772 3527 uti
801 3485 875 3546 pars
899 3485 971 3527 cum
1000 3475 1091 3546 parte

47 3562 184 3627 civitatis
209 3564 365 3646 confligat
379 3585 386 3640 ;
413 3565 444 3627 id
470 3585 512 3627 ne
536 3565 673 3639 accidat,
699 3566 841 3646 positum
868 3566 898 3626 in
924 3564 996 3646 ejus
1020 3565 1092 3626 dili-

49 3665 156 3740 gentia
170 3677 267 3748 atque
284 3665 496 3729 auctoritate'

91 3781 139 3844 33.
165 3766 296 3839 Caesar,
320 3766 382 3828 etsi
407 3787 426 3827 a
449 3765 535 3828 bello
558 3776 656 3848 atque
681 3765 775 3828 lioste
799 3766 968 3828 discedere
992 3763 1091 3826 detri-

33 3877 228 3930 mentosum
248 3887 323 3929 esse
342 3866 559 3939 existimabat,
577 3877 686 3929 tamen
708 3887 773 3928 non
793 3865 949 3944 ignorans
969 3871 1091 3943 quanta
1111 3861 1140 3910 35

52 3983 89 4024 ex
102 3967 361 4031 dissensionibus
377 3967 587 4030 incommoda
602 3966 678 4027 oriri
700 3974 925 4032 consuessent,
942 3979 983 4019 ne
1001 3967 1091 4016 tanta
