2667 4159
155 193 198 259 70
462 172 611 237 Customs
632 174 673 253 of
689 171 741 233 tlte
768 171 935 233 Germana
1139 180 1266 255 [Crasxn

198 367 299 432 armis
331 376 419 442 sunt,
456 365 502 428 illi
535 364 624 427 domi
657 372 840 426 remanent.
890 362 945 426 Sic
981 384 1090 445 neque
1122 364 1265 445 agricul-

198 477 273 529 tura
289 485 351 527 nec
368 465 453 527 ratio
469 474 569 545 atque
587 482 667 524 usus
691 462 768 525 belli
794 461 1035 523 intermittitur.
1082 457 1173 523 ⁵Sed
1199 462 1266 541 pri-

198 563 267 626 vati
283 583 322 625 ac
339 560 483 643 separati
505 560 575 642 agri
596 559 684 640 apud
716 578 772 620 eos
801 558 883 620 nihil
911 568 970 633 est,
989 578 1098 640 neque
1125 559 1264 639 longius

198 682 287 725 anno
325 678 498 723 remanere
536 677 602 719 uno
637 656 671 717 in
709 656 782 718 loco
822 655 987 718 incolendi
1026 675 1125 718 causa
1170 656 1263 719 licet.

172 756 211 834 5⁶
227 759 347 839 Neque
371 757 512 819 multum
537 752 716 828 frument0,
735 754 793 815 sed
818 753 992 815 maximam
1018 763 1146 834 partem
1171 752 1266 816 lacte

199 865 299 938 atque
323 874 443 935 pecore
459 853 585 926 vivunt,
605 852 813 933 multumque
839 860 917 913 sunt
945 850 979 912 in
1003 850 1265 927 venationibus;

199 972 360 1036 quaeres
384 960 419 1013 et
442 949 508 1013 cibi
531 968 655 1031 genere
687 958 721 1011 et
754 948 922 1011 cotidiana
954 948 1193 1011 exercitatione
1226 958 1265 1009 et

200 1051 354 1114 libertate
380 1048 479 1122 vitae,
504 1066 603 1129 quom
637 1066 657 1108 a
690 1045 801 1127 pueris
837 1043 928 1107 nullo
962 1045 1071 1109 officio
1103 1054 1160 1107 aut
1196 1045 1266 1107 dis-

201 1147 322 1230 ciplina
362 1142 546 1209 adsuefacti
589 1142 671 1205 nihil
715 1142 851 1206 omnino
895 1152 1012 1206 contra
1052 1141 1266 1205 voluntatem

159 1268 189 1303 ιο
199 1243 334 1319 faciant,
352 1253 386 1307 et
411 1242 499 1305 vires
522 1242 591 1317 alit,
609 1250 644 1304 et
667 1239 804 1303 immani
827 1260 1001 1322 corporum
1027 1239 1265 1321 magnitudine
1332 1238 1333 1241 ’

201 1342 354 1405 homines
385 1339 497 1415 efficit.
541 1336 682 1421 ⁷Atque
721 1337 755 1404 in
794 1357 867 1399 eam
907 1358 943 1399 se
980 1336 1265 1400 consuetudinem

200 1441 418 1512 adduxerunt,
433 1446 469 1501 ut
485 1437 567 1499 locis
583 1433 810 1518 frigidissimis
830 1454 939 1517 neque
961 1435 1105 1497 vestitus
1129 1444 1268 1515 praeter

201 1538 296 1619 pellis
320 1536 482 1598 haberent
505 1534 695 1616 quicquam,
721 1552 859 1614 quarum
884 1541 1020 1615 propter
1043 1530 1266 1614 exiguitatem
1332 1546 1333 1553 ¹

201 1655 324 1717 magna
339 1643 392 1697 est
408 1631 554 1715 corporis
570 1651 647 1713 pars
671 1640 795 1712 aperta,
821 1640 855 1694 et
879 1630 1069 1695 lavarentur
1092 1632 1126 1693 in
1150 1631 1261 1695 flumi-
1332 1646 1333 1649 ’

160 1755 188 1807 15
203 1733 310 1795 nibus.
1133 1746 1136 1751 '

246 1847 274 1893 2.
300 1826 546 1891 Mercatoribus
569 1835 623 1890 est
646 1826 758 1889 aditus
782 1827 888 1909 magis
912 1846 962 1903 eo,
988 1837 1024 1889 ut
1055 1846 1141 1910 quae
1172 1826 1267 1891 bello

203 1926 354 2008 ceperint
392 1924 512 2007 quibus
550 1923 698 1987 vendant
737 1924 891 2000 habeant,
928 1945 1027 2007 quam
1062 1946 1127 2007 quo
1159 1924 1267 1989 ullam

202 2044 272 2087 rem
296 2024 337 2086 ad
361 2042 397 2085 se
421 2021 592 2103 importari
616 2021 818 2086 desiderent.
866 2018 981 2104 2Quin
1006 2023 1106 2085 etiam
1134 2022 1268 2106 jumen-

202 2122 256 2197 tis,
281 2120 401 2203 quibus
425 2119 566 2182 maxime
591 2118 679 2182 Galli
695 2118 913 2198 delectantur,
931 2140 1082 2204 quaeque
1105 2121 1264 2203 impenso

159 2242 192 2277 ω
201 2227 321 2301 parant
354 2217 473 2299 preti0‚
507 2215 667 2280 Germani
700 2216 889 2298 importatis
912 2238 979 2281 non
1004 2227 1163 2295 utuntur;
1202 2219 1266 2283 sed

202 2335 286 2400 quae
312 2323 391 2378 sunt
416 2314 503 2395 apud
529 2334 586 2377 eos
615 2324 703 2389 nata,
731 2334 832 2397 parva
856 2325 956 2398 atque
983 2314 1153 2391 deformia,
1178 2316 1267 2381 haec

202 2412 371 2477 cotidiana
386 2412 626 2475 exercitatione
650 2412 774 2475 summi
797 2422 833 2475 ut
858 2412 925 2476 sint
949 2412 1071 2476 laboris
1098 2412 1265 2478 efficiunt.

201 2508 446 2593 3Equestribus
469 2508 604 2591 proeliis
629 2528 730 2591 saepe
753 2530 793 2573 ex
817 2511 910 2592 equis
933 2510 1092 2574 desiliunt
1115 2531 1154 2574 ac
1171 2511 1266 2592 pedi-

202 2609 265 2671 bus
300 2606 513 2689 proeliantur,
541 2626 713 2691 equosque
752 2608 871 2670 eodem
910 2627 1083 2671 remanere
1115 2607 1266 2691 vestigio

159 2728 189 2781 25
202 2702 468 2781 adsuefecerunt,
500 2704 542 2767 ad
579 2724 663 2787 quos
702 2724 738 2768 se
769 2704 932 2779 celeriter,
965 2725 1040 2769 curn
1079 2725 1160 2769 usus
1198 2716 1265 2781 est,
1331 2710 1332 2765 ἰ

202 2802 391 2885 recipiunt3
414 2822 522 2884 neque
537 2821 653 2865 eorum
678 2801 825 2864 moribus
850 2801 980 2883 turpius
1003 2802 1178 2887 quicquam
1204 2814 1266 2869 aut

201 2900 342 2964 inertius
388 2899 530 2963 habetur
574 2919 675 2982 quam
714 2898 880 2980 ephippiis
927 2900 982 2963 uti.
1031 2898 1174 2984 4Itaque
1220 2904 1266 2965 ad

109 3035 113 3041 ·
201 2998 355 3082 quemvis
400 3016 573 3059 numerum
620 2994 888 3078 ephippiatorum
921 2997 1069 3078 equitum
1108 3000 1266 3081 quamvis

201 3096 298 3179 pauci
331 3095 421 3158 adire
454 3094 587 3158 audent.
641 3092 769 3157 Vinum
793 3091 835 3155 ad
859 3112 896 3157 se
928 3095 1065 3157 omnino
1089 3094 1267 3176 importari

158 3213 269 3266 3011011
287 3193 412 3267 sinunt,
431 3192 519 3275 quod
536 3211 575 3254 ea
595 3211 631 3255 re
654 3190 697 3254 ad
720 3188 866 3253 laborem
895 3187 1068 3255 ferendum
1094 3192 1268 3258 remolles-

202 3312 276 3355 cere
293 3290 447 3353 homines
464 3298 563 3371 atque
580 3285 767 3352 effeminari
784 3287 997 3352 arbitrantur.

246 3407 272 3470 3.
300 3388 434 3452 Publice
480 3386 656 3449 maximam
704 3396 824 3468 putant
867 3406 941 3450 esse
981 3386 1112 3451 laudem
1160 3410 1264 3471 quam
1330 3412 1331 3425 ¹

201 3486 362 3550 latissime
385 3506 405 3547 a
428 3484 496 3547 suis
521 3483 642 3546 finibus
666 3504 784 3548 vacare
800 3503 918 3565 agros:
941 3485 1054 3548 haere
1079 3485 1267 3567 significari

201 3603 358 3666 magnum
382 3601 557 3643 numerum
580 3580 765 3643 civitatium
790 3601 884 3645 suam
901 3582 968 3644 vim
998 3582 1166 3645 sustinere
1192 3605 1265 3648 non

158 3701 188 3753 35
201 3700 308 3761 posse.
373 3679 490 3759 Itaque
520 3698 585 3739 una
617 3697 656 3739 ex
688 3687 781 3759 parte
814 3700 833 3741 a
865 3678 983 3743 Suevis
1016 3680 1147 3743 circiter
1171 3682 1267 3745 milia
1330 3710 1331 3751 2

201 3796 359 3858 passuum
388 3784 547 3837 sexcenta
571 3774 641 3854 agri
663 3795 782 3838 vacare
804 3776 967 3839 dicuntur.
1016 3774 1096 3839 2Αά
1120 3778 1265 3842 alteram
