2667 4159
152 192 194 253 44
389 171 466 235 War
486 174 525 253 of
543 168 596 233 tlte
619 168 763 251 Belgian
790 165 1011 254 Consederdcy.
1138 132 1261 260 [Casan

197 366 369 428 consilium
399 364 454 446 qui
479 384 549 426 rem
573 360 779 436 deferebant,
804 364 892 443 quod
918 364 1033 427 Nervii
1060 366 1259 448 antiquitus

196 484 271 525 cum
295 463 446 544 equitatu
471 461 553 536 nihil
578 470 718 542 possent
745 462 865 542 (neque
896 463 985 524 enim
1010 465 1052 525 ad
1083 465 1148 527 hoc
1179 477 1262 528 tem-

196 581 258 641 pus
291 561 320 621 ei
344 560 391 622 rei
420 559 570 633 student,
596 559 664 632 sed,
684 558 846 639 ‘quicquid
869 570 1021 640 possunt,
1046 563 1260 641 pedestribus

196 659 308 719 valent
333 657 461 738 copiis),
486 653 576 738 4quo
607 653 738 717 facilius
762 656 980 718 finitimorum
1009 659 1205 738 equitatum,
1232 663 1260 724 si

170 755 376 836 5praedandi
408 774 507 816 causa
534 753 574 814 ad
606 772 664 814 eos
688 753 871 826 venissent,
897 754 1107 834 impedirent,
1132 760 1260 821 teneris

195 852 369 915 arboribus
394 851 509 913 incisis
533 859 634 931 atque
666 849 805 924 inflexis,
831 850 1022 933 crebrisque
1049 853 1083 914 in
1114 855 1262 917 latitudi-

197 971 273 1012 nem
291 949 390 1010 ramis
412 948 531 1021 enatis,
550 957 583 1008 et
608 947 700 1009 rubis
724 947 943 1028 sentibusque
967 949 1164 1031 interjectis
1183 950 1262 1014 effe-

197 1057 311 1111 cerant
336 1056 372 1107 ut
398 1046 504 1107 instar
520 1044 605 1106 muri
629 1045 691 1106 hae
708 1064 807 1126 sepes
823 1045 1032 1108 munimenta
1047 1031 1260 1128 praeberent,

197 1166 261 1226 quo
285 1163 352 1206 non
377 1143 475 1205 modo
499 1162 566 1204 non
590 1141 718 1216 intrari,
738 1142 797 1204 sed
821 1163 863 1204 ne
879 1144 1023 1225 perspici
1036 1146 1171 1226 quidem
1189 1135 1262 1227 pos-

157 1251 275 1327 1osetq
308 1240 373 1302 His
398 1241 498 1302 rebus
530 1259 604 1302 cum
629 1239 694 1300 iter
718 1240 862 1320 agminis
893 1242 999 1303 nostri
1031 1242 1261 1323 impediretur,

197 1360 264 1403 non
283 1337 505 1400 omittendum
524 1335 587 1398 sibi
604 1335 781 1398 consilium
796 1337 914 1400 Nervii
931 1339 1215 1403 existimaverunt.
1236 1352 1256 1416 ,l

246 1439 290 1498 18.
320 1435 401 1497 Loci
426 1444 544 1497 natura
567 1444 639 1496 erat
664 1433 756 1508 haec,
775 1455 873 1516 quem
893 1435 1002 1498 locum
1019 1439 1126 1500 nostri
1144 1441 1262 1501 castris

198 1536 401 1618 delegerant.
460 1533 563 1597 Collis
595 1533 636 1594 ab
669 1552 798 1594 summo
829 1533 1013 1614 aequaliter
1043 1536 1182 1598 declivis
1221 1539 1262 1598 ad

199 1634 322 1696 flumen
368 1632 492 1705 Sabim,
532 1631 620 1713 quod
659 1650 759 1710 supra
797 1631 1051 1706 nominavimus,
1090 1635 1266 1714 vergebat)

157 1729 277 1804 15²Ab
301 1750 340 1793 eo
372 1729 510 1792 flumine
540 1728 611 1810 pari
635 1727 828 1791 adclivitate
859 1727 953 1791 collis
985 1731 1188 1793 nascebatur
1210 1724 1266 1794 ad-¹

197 1849 313 1890 versus
351 1827 428 1890 huic
468 1837 501 1890 et
542 1826 736 1899 contrarius,
769 1846 887 1905 passus
926 1827 1058 1889 circiter
1096 1830 1262 1891 ducentos

198 1925 332 1988 infimus
364 1935 508 2006 apertus,
535 1925 576 1986 ab
607 1923 779 2004 superiore
806 1933 901 2003 parte
933 1924 1106 1999 silvestris,
1132 1936 1168 1987 ut
1195 1948 1261 1988 non

197 2021 295 2086 facile
319 2023 485 2086 introrsus
509 2022 652 2102 perspici
677 2030 799 2102 posset.
846 2019 966 2083 ³lntra
990 2042 1046 2085 eas
1071 2023 1172 2085 silvas
1190 2025 1263 2086 hos-

197 2133 249 2186 tes
274 2123 305 2184 in
331 2122 463 2185 occulto
489 2139 563 2182 sese
574 2109 827 2193 bontinebant3
851 2119 884 2180 in
908 2129 1024 2200 aperto
1048 2120 1121 2182 loco
1147 2141 1262 2183 secun-

155 2243 186 2278 20
198 2222 276 2282 dum
322 2219 448 2282 flumen
494 2236 620 2298 paucae
659 2215 823 2278 stationes
862 2217 1011 2296 equitum
1050 2217 1258 2281 videbantur.

199 2317 364 2380 Fluminis
381 2326 452 2380 erat
469 2315 612 2378 altitudo
629 2315 752 2394 pedum
769 2313 903 2375 circiter
919 2314 1027 2376 trium.

214 2425 291 2497 tro.
320 2414 445 2478 Caesar
468 2412 618 2495 equitatu
649 2410 835 2492 praemisso
867 2411 1134 2492 subsequebatur
1158 2414 1261 2476 omni-

197 2514 260 2576 bus
288 2512 416 2594 copiis;
440 2511 498 2574 sed
523 2510 607 2574 ratio
638 2509 785 2588 ordoque
808 2501 950 2588 agminis
974 2508 1071 2570 aliter
1094 2530 1130 2572 se
1163 2512 1261 2574 habe-

198 2611 255 2673 bat
279 2631 318 2673 ac
343 2610 467 2690 Belgae
490 2608 531 2670 ad
557 2605 701 2669 Nervios
724 2605 924 2668 detulerant.
951 2601 984 2684 q2
997 2605 1083 2667 Nam
1105 2610 1194 2687 quod
1218 2611 1259 2670 ad

155 2707 304 2781 25hostis
336 2705 634 2788 adpropinquabat,
667 2703 913 2766 consuetudine
952 2723 1012 2765 sua
1046 2703 1171 2766 Caesar
1203 2727 1260 2769 sex

197 2805 348 2886 legiones
372 2803 545 2883 expeditas
569 2801 735 2876 ducebat;
766 2810 843 2880 post
874 2820 932 2862 eas
956 2801 1061 2863 totius
1092 2805 1259 2866 exercitus

198 2902 439 2981 impedimenta
478 2899 690 2974 conlocarat;
729 2898 807 2963 inde
844 2897 930 2960 duae
971 2897 1133 2985 legiones,
1174 2922 1258 2982 quae

197 3019 356 3080 proxume
380 2997 590 3077 conscriptae
621 3005 726 3070 erant,
752 3005 863 3058 totum
894 3015 1015 3076 agmen
1046 2997 1257 3067 claudebant,

197 3096 427 3178 praesidioque
445 3093 695 3175 impedimentis
713 3104 816 3156 erant.
864 3090 1030 3174 3Equites
1047 3096 1166 3168 nostri,
1184 3117 1256 3157 cum

154 3191 422 3265 30iunditoribus
465 3191 713 3273 sagittariisque
760 3190 884 3252 flumen
931 3192 1144 3272 transgressi,
1185 3211 1257 3258 cum

197 3293 344 3354 hostium
384 3289 535 3371 equitatu
574 3288 737 3370 proelium
775 3288 1024 3351 commiserunt.
1072 3287 1185 3351 4Cum
1224 3311 1258 3351 se

197 3389 243 3451 illi
275 3388 459 3451 identidem
487 3387 520 3448 in
553 3386 652 3448 silvas
684 3386 725 3447 ad
758 3406 835 3448 suos
859 3386 1058 3466 reciperent,
1082 3407 1121 3448 ac
1146 3408 1258 3450 rursus

197 3507 237 3548 ex
269 3486 351 3548 silva
382 3485 416 3546 in
456 3494 589 3546 nostros
621 3483 782 3564 impetum
820 3480 980 3558 facerent,
1013 3503 1121 3565 neque
1154 3485 1259 3548 nostri

197 3584 329 3664 longius
369 3603 467 3664 quam
507 3602 605 3662 quem
645 3582 687 3642 ad
718 3582 820 3642 finem
852 3591 1005 3661 porrecta
1035 3582 1108 3644 loca
1147 3593 1260 3664 aperta

155 3701 184 3754 35
198 3681 413 3760 pertinebant
431 3679 591 3740 cedentes
609 3677 740 3758 insequi
757 3678 930 3753 auderent,
950 3679 1085 3740 interim
1110 3679 1260 3761 legiones

198 3798 264 3853 sex,
297 3798 380 3860 quae
425 3775 551 3857 primae
590 3784 762 3850 venerant,
803 3795 904 3855 opere
950 3775 1112 3850 dimenso,
1154 3789 1261 3841 castra
