2667 4159
241 187 301 269 136
418 158 427 175 ι
500 183 667 250 Situalion
684 188 723 266 os
735 180 1005 262 Qm'nruscz'cero.
1162 179 1293 252 [Cassan

235 384 315 447 locis
332 382 374 443 sit
397 382 520 445 Caesar
536 402 576 443 ex
592 380 730 462 captivis
747 390 908 462 quaerunt
922 400 929 455 ;
954 376 1139 460 profectum
1156 378 1295 459 longius

235 484 404 567 reperiunt
428 500 627 562 omnemque
650 480 828 543 exercitum
852 478 1046 541 discessisse
1071 490 1295 560 cognoscunt.

234 586 370 670 ⁷Atque
399 603 484 645 unus
513 602 553 643 ex
579 582 738 662 captivis:
770 580 887 661 “Quid
915 578 1002 654 vos''
1030 578 1147 661 inquit,
1176 579 1296 640 “hanc

234 690 385 752 miseram
403 707 442 751 ac
462 696 595 747 tenuem
613 681 786 744 sectamini
806 681 970 763 praedam,
987 678 1204 762 quibuslicet
1222 681 1296 763 jam

202 810 307 862 sesse
329 784 624 852 fortunatissimis?
680 782 802 843 Tribus
826 780 916 843 horis
941 764 1152 843 Aduatucam
1175 781 1297 841 venire

233 892 395 973 potestis:
429 891 493 952 huc
524 906 640 951 omnes
672 902 749 945 suas
783 879 935 945 fortunas
966 880 1129 943 exercitus
1163 881 1296 942 Roma-

233 1013 348 1054 norum
381 992 528 1055 contulit.
586 985 744 1051 Praesidii
779 994 908 1046 tantum
939 993 1000 1057 est,
1031 992 1068 1042 ut
1099 1001 1141 1043 ne
1171 1001 1294 1043 murus

233 1092 363 1174 quidem
387 1092 473 1173 cingi
497 1092 611 1173 possit,
637 1107 745 1169 neque
770 1085 945 1167 quisquam
970 1081 1080 1161 egredi
1104 1091 1200 1142 extra
1221 1102 1295 1142 mu-

232 1192 539 1257 nitionesaudeat.”
594 1188 740 1253 8Oblata
771 1207 839 1267 spe,
873 1182 1029 1247 Germani
1062 1201 1160 1264 quam
1198 1181 1294 1244 nacti

185 1322 214 1357 ιο
232 1304 324 1356 erant
351 1295 502 1375 praedam
529 1293 561 1354 in
586 1292 716 1355 occulto
742 1288 953 1369 relinquunt3
980 1282 1042 1365 ipsi
1070 1282 1291 1344 Aduatucam

231 1394 447 1469 contendunt,
467 1393 516 1456 usi
536 1394 651 1456 eodem
670 1393 752 1455 duce
770 1391 820 1473 cuj
828 1410 864 1452 us
885 1388 967 1450 haec
986 1383 1107 1447 indicio
1123 1403 1292 1464 cognove-

231 1506 314 1558 rant.

276 1598 324 1675 36.
351 1595 468 1659 Cicero
480 1595 548 1679 (qui
564 1616 681 1658 omnes
703 1592 887 1675 superiores
905 1591 975 1653 dies
999 1587 1183 1671 praeceptis
1204 1587 1290 1651 Cae·

230 1696 312 1759 saris
341 1716 470 1759 summa
497 1697 669 1777 diligentia
697 1694 817 1757 milites
850 1694 883 1755 in
911 1691 1027 1754 castris
1054 1688 1288 1763 continuisset,

184 1815 212 1867 15
230 1818 267 1859 ac
295 1818 337 1860 ne
364 1797 512 1859 calonem
545 1797 677 1879 quidem
709 1815 906 1879 quemquam
938 1802 1030 1855 extra
1064 1790 1286 1854 munitionem

230 1896 343 1979 egredi
370 1918 487 1979 passus
514 1897 618 1978 esset)
645 1897 787 1978 septimo
811 1896 873 1969 die,
896 1893 1048 1956 diffidens
1076 1894 1117 1955 de
1145 1913 1287 1955 numero

230 1998 358 2061 dierum
375 1997 551 2061 Caesarem
574 1997 673 2060 fidem
698 2009 913 2069 servaturum,
940 1996 1026 2076 quod
1053 1994 1182 2075 longius
1212 2016 1286 2075 pro-

231 2119 381 2179 gressum
410 2098 572 2172 audiebat,
597 2118 705 2180 neque
732 2097 797 2160 ulla
823 2097 864 2160 de
891 2096 999 2159 reditu
1026 2094 1099 2177 ejus
1124 2093 1285 2159 famaaf-

231 2198 417 2275 serebatur3
450 2196 571 2262 ²simul
602 2220 716 2262 eorum
744 2210 912 2281 permotus
941 2197 1086 2272 vocibus,
1111 2198 1168 2281 qui
1197 2198 1285 2261 illius

182 2328 214 2363 20
232 2301 423 2382 patientiam
448 2321 554 2381 paene
573 2300 798 2364 obsessionem
824 2298 1043 2381 appellabant,
1061 2299 1225 2382 siquidem
1246 2322 1287 2364 ex

232 2401 348 2465 castris
373 2401 486 2481 egredi
509 2422 581 2463 non
599 2401 731 2478 liceret;
755 2401 878 2463 nullum
903 2400 1068 2483 ejusmodi
1092 2423 1208 2465 casum
1232 2424 1287 2466 ex-

232 2515 396 2583 spectans,
423 2524 497 2585 quo,
525 2523 643 2566 novem
672 2501 832 2583 oppositis
859 2502 1045 2583 legionibus
1075 2505 1286 2587 maximoque

231 2602 390 2685 equitatu,
407 2603 563 2685 dispersis
585 2624 623 2665 ac
647 2624 753 2684 paene
769 2603 886 2667 deletis
910 2604 1072 2681 hostibus,
1093 2606 1126 2666 in
1151 2604 1285 2669 milibus

232 2724 388 2785 passuum
417 2706 521 2767 tribus
545 2700 668 2767 offendi
685 2706 1016 2788 posset-quinque
1039 2706 1194 2769 cohortes
1219 2704 1287 2769 fru-

183 2820 213 2871 25
232 2816 415 2869 mentatum
433 2805 465 2867 in
484 2805 646 2886 proximas
664 2818 795 2887 segetes
813 2806 924 2880 mittit,
938 2827 1019 2889 quas
1033 2807 1118 2869 inter
1130 2819 1162 2869 et
1176 2819 1287 2870 castra

232 2917 318 2968 unus
348 2906 484 2967 omnino
515 2906 606 2968 collis
640 2906 808 2971 intererat.
868 2904 1086 2989 3Complures
1117 2920 1213 2970 erant
1246 2929 1287 2970 ex

230 3006 418 3087 legionibus
442 3007 533 3087 aegri
559 3008 684 3083 relicti;
708 3030 749 3071 ex
772 3009 891 3090 quibus
913 3008 968 3091 qui
998 3008 1060 3070 boc
1087 3007 1195 3089 spatio
1219 3008 1286 3070 die-

232 3128 303 3169 rum
321 3108 564 3183 convaluerant,
581 3108 713 3171 circiter
729 3109 881 3186 trecenti,
898 3110 959 3171 sub
976 3107 1092 3170 vexillo
1117 3128 1183 3170 una
1212 3109 1287 3171 mit-

231 3221 367 3285 tuntur;
402 3229 523 3289 magna
558 3222 728 3291 praeterea
759 3209 934 3272 multitudo
968 3209 1129 3283 calonum,
1164 3229 1286 3291 magna

183 3332 214 3383 30
231 3307 281 3371 vis
303 3308 536 3390 jumentorum,
560 3310 701 3393 quaein
726 3310 843 3373 castris
867 3310 1094 3385 subsederant,
1117 3305 1206 3372 facta
1229 3331 1286 3391 po-

230 3419 353 3473 testate
376 3412 533 3492 sequitur.

276 3525 325 3589 37.
352 3510 427 3574 Hoc
447 3512 520 3593 ipso
544 3522 694 3591 tempore
711 3506 749 3573 et'
767 3530 844 3573 casu
866 3509 1023 3573 Germani
1042 3510 1171 3591 equites
1187 3509 1284 3574 inter-

230 3612 379 3687 veniunt,
396 3613 615 3694 protinusque
638 3611 753 3673 eodem
778 3610 833 3673 illo
857 3631 921 3692 quo
941 3622 1099 3673 venerant
1124 3630 1224 3673 cursu
1243 3612 1283 3673 ab

232 3712 416 3776 decumana
453 3725 546 3794 porta
579 3712 613 3772 in
649 3723 758 3773 castra
792 3710 972 3791 irrumpere
1006 3722 1187 3786 conantur3
1223 3732 1282 3774 nec

184 3831 214 3883 35
233 3814 324 3893 prius
341 3826 418 3875 sunt
440 3813 514 3885 visi,
531 3811 670 3891 objectis
695 3812 736 3872 ab
756 3830 795 3872 ea
817 3822 910 3890 parte
926 3809 1025 3897 silisis,
1043 3830 1140 3893 quam
1166 3812 1280 3873 castris

233 3913 547 3995 appropinquarent,
571 3927 674 3992 usque
699 3930 737 3973 eo
762 3922 810 3972 ut·
825 3909 880 3991 qui
908 3909 971 3972 sub
993 3901 1080 3972 vallo
1108 3912 1280 3974 tenderent
