2667 4159
7 3859 8 3870 r

7 3881 10 3901 l

220 216 280 279 124
484 188 643 255 Political
671 186 841 253 condition
858 187 898 268 of
911 184 1009 249 Gaul.
1144 182 1270 254 [Casan

214 406 302 469 sunt,
327 392 383 476 qui
411 407 574 453 summam
602 384 831 448 auctoritatem
856 400 969 444 eorum
996 378 1120 461 judicio
1149 379 1272 446 habere

213 495 456 565 existimantur,
474 507 611 573 quorum
634 486 675 549 ad
700 483 870 547 arbitrium
892 481 1119 565 judiciumque
1138 500 1272 545 summa

213 596 359 665 omnium
395 611 503 656 rerum
535 586 814 668 consiliorumque
845 584 965 646 redeat.
1022 578 1165 664 3ltaque
1197 582 1271 665 ejus

213 702 260 765 rei
281 717 381 763 causa
397 690 582 775 antiquitus
603 687 792 751 institutum
808 684 948 759 videtur,
966 703 1007 746 ne
1024 681 1096 765 quis
1114 702 1156 745 ex
1174 684 1272 764 plebe

166 818 179 871 5
213 812 328 867 contra
355 794 576 881 potentiorem
605 789 716 853 auxilii
742 795 874 869 egeret;
909 804 985 847 suos
1012 782 1101 845 enirn
1129 785 1273 869 quisque

213 902 354 986 opprimi
386 911 418 964 et
451 890 681 959 circumveniri
715 909 781 951 non
812 887 944 969 patitur,
972 905 1088 967 neque,
1116 886 1216 949 aliter
1248 890 1272 951 si

212 1004 320 1079 faciat,
352 1002 451 1065 ullam
485 995 571 1059 inter
604 1011 680 1055 suos
712 990 813 1053 habet
850 986 1088 1050 auctoritatem.
1146 983 1272 1053 4Haec

213 1106 327 1169 eadem
345 1103 428 1167 ratio
443 1109 495 1163 est
512 1095 545 1159 in
567 1111 697 1157 summa
710 1089 811 1153 totius
826 1086 973 1165 Galliae3
997 1106 1140 1171 namque
1153 1109 1272 1155 omnes

213 1206 364 1271 civitates
382 1205 415 1267 in
433 1212 542 1285 partes
562 1195 685 1259 divisae
703 1202 780 1255 sunt
796 1191 886 1255 duas,

167 1341 196 1376 10
262 1324 307 1369 12.
333 1305 418 1369 Cum
446 1303 569 1367 Caesar
599 1298 630 1360 in
663 1292 801 1357 Galliam
830 1292 931 1368 venit,
954 1292 1087 1356 alterius
1113 1290 1271 1359 factionis

214 1405 379 1490 principes
395 1415 487 1468 erant
514 1398 656 1474 Haedui,
675 1396 809 1460 alterius
834 1393 991 1477 Sequani.
1040 1394 1094 1469 Hi,
1112 1415 1189 1458 cum
1214 1418 1272 1479 per

214 1530 251 1573 se
278 1508 387 1571 minus
414 1506 558 1569 valerent
587 1500 688 1586 (quod
723 1516 852 1559 summa
880 1494 1058 1559 auctoritas
1086 1496 1271 1580 antiquitus

215 1623 284 1674 erat
311 1609 345 1671 in
374 1604 534 1679 Haeduis,
563 1618 770 1685 magnaeque
804 1616 917 1659 eorum
950 1606 1043 1659 erant
1073 1596 1270 1681 clientelae),

217 1710 400 1774 Germanos
417 1719 517 1791 atque
533 1703 740 1767 Ariovistum
761 1698 824 1761 sibi
843 1696 1070 1780 adjunxerant,
1088 1718 1214 1783 eosque
1230 1702 1269 1763 ad

169 1829 196 1883 15
217 1833 253 1874 se
293 1810 421 1891 magnis
458 1806 595 1890 jacturis
637 1799 995 1887 pollicitationibusque
1037 1800 1268 1880 perduxerant.

215 1909 374 1975 ²Pr0eliis
398 1929 475 1972 uero
499 1906 723 1989 compluribus
747 1901 841 1965 sactis
870 1899 1033 1975 secundis
1055 1911 1157 1983 atque
1182 1903 1271 1966 omni

217 2012 387 2076 nobilitate
414 2010 628 2073 Haeduorum
653 2002 836 2079 interiecta,
860 2012 988 2065 tantum
1013 2002 1163 2082 potentia
1182 2018 1271 2068 ante-

216 2124 393 2187 cesserant,
407 2122 442 2173 ut
460 2129 613 2191 magnam
630 2118 756 2188 partem
771 2103 938 2169 clientium
957 2102 999 2165 ab
1014 2102 1165 2167 Haeduis
1179 2107 1220 2169 ad
1238 2128 1270 2169 se

217 2215 434 2287 traducerent,
461 2210 657 2291 obsidesque
686 2208 727 2271 ab
755 2206 794 2269 iis
821 2205 1116 2289 principum'lilios
1144 2208 1270 2291 accipe·

166 2350 198 2386 20
218 2326 299 2387 rent,
317 2325 350 2378 et
367 2312 496 2396 publice
512 2310 621 2394 jurare
639 2319 797 2390 cogerent
814 2307 895 2371 nihil
911 2329 947 2372 se
965 2319 1082 2372 contra
1098 2310 1270 2394 Sequanos

216 2415 343 2481 consilii
362 2414 511 2489 inituros,
528 2424 561 2476 et
581 2421 707 2493 partem
728 2408 859 2471 finitimi
881 2409 952 2491 agri
972 2410 1111 2491 pervim
1132 2396 1271 2493 occupa-

217 2529 284 2582 tam
309 2516 525 2599 possiderent,
551 2512 741 2594 Galliaeque
768 2512 870 2577 totius
899 2513 1120 2596 principatum
1147 2514 1273 2576 obtine·

218 2628 300 2683 rent.
359 2614 458 2699 3Qua
489 2613 688 2678 necessitate
725 2614 899 2689 adductus
934 2614 1129 2691 DivitiacuS,
1160 2614 1273 2677 auxilii

217 2718 351 2801 petendi
368 2736 468 2780 causa
490 2716 628 2779 Romam
647 2714 688 2777 ad
717 2714 877 2779 Senatum
904 2713 1079 2798 proiectus
1097 2712 1224 2779 infecta
1241 2737 1273 2779 re

168 2847 196 2901 25
217 2819 369 2883 redierat.
414 2814 597 2880 4Adventu
616 2815 767 2879 Caesaris
782 2814 868 2879 facta
880 2815 1140 2879 commutatione
1154 2837 1273 2889 rerum,

217 2920 387 2985 obsidibus
406 2918 555 2981 Haeduis
573 2918 720 2992 redditis,
737 2917 904 2981 veteribus
921 2917 1081 2981 clientelis
1099 2918 1273 2991 restitutis

217 3021 310 3085 novis
341 3040 399 3101 per
432 3018 608 3082 Caesarem
644 3019 853 3101 comparatis,
886 3020 973 3101 quod
1005 3018 1047 3091 hi,
1076 3017 1132 3100 qui
1164 3038 1202 3081 se
1233 3020 1272 3080 ad

217 3142 329 3187 eorum
349 3119 525 3184 amicitiam
551 3130 825 3203 aggregaverant,
847 3118 982 3182 meliore
1004 3116 1201 3182 condicione
1226 3130 1273 3181 at-

218 3243 283 3304 que
313 3221 465 3305 aequiore
497 3221 635 3303 imperio
662 3241 699 3284 se
731 3220 779 3283 uti
810 3220 978 3296 videbant,
1007 3219 1140 3303 reliquis
1172 3220 1272 3283 rebus

168 3358 200 3411 30
218 3343 332 3386 eorum
363 3323 471 3405 gratia
495 3322 724 3405 dignitateque
746 3321 954 3404 amplificata,
979 3320 1125 3404 Sequani
1151 3320 1271 3402 princi-

218 3436 331 3507 patum
360 3424 558 3487 dimiserant.
607 3419 670 3485 ⁵In
699 3444 811 3487 eornm
839 3421 947 3485 locum
980 3422 1077 3485 Remi
1106 3442 1271 3486 successe-

219 3536 311 3589 rant:
352 3546 434 3609 quos
472 3526 560 3607 quod
600 3526 783 3608 adaequare
820 3524 906 3606 apud
949 3522 1123 3587 Caesarem
1165 3523 1272 3606 gratia

219 3626 480 3707 intellegebatur,
509 3625 531 3687 ii
561 3625 616 3708 qui
645 3638 778 3707 propter
804 3636 932 3689 veteres
960 3624 1152 3688 inimicitias
1184 3625 1270 3689 nullo

221 3727 317 3789 modo
331 3746 405 3788 cum
426 3726 577 3788 Haeduis
591 3725 746 3807 conjungi
765 3737 917 3807 poterant
934 3747 970 3789 se
988 3726 1103 3790 Remis
1120 3726 1155 3789 in
1172 3726 1269 3790 clien-

172 3848 202 3899 35
222 3825 320 3890 telam
345 3825 508 3888 dicabant.
553 3822 651 3887 ⁶Hos
677 3826 721 3887 illi
745 3826 921 3907 diligenter
949 3826 1144 3890 tuebantur:
1169 3826 1217 3890 ita
1239 3836 1269 3889 et

222 3946 341 3989 novam
380 3935 413 3988 et
451 3937 588 4007 repente
624 3925 793 3989 collectam
831 3928 1063 3991 auctoritatem
1101 3928 1267 3991 tenebant.
