2667 4159
59 194 91 246 B.
108 194 146 246 G.
165 194 239 245 Vll.
256 195 299 244 81·
304 197 315 262 l
363 193 717 278 EffccliveClcargeof
729 196 892 259 Cermans.
1063 201 1120 278 183

58 387 376 460 demonstravimus
389 388 555 468 complent
569 409 576 462 ;
600 388 836 470 pedestresque
853 387 973 469 copias,
988 389 1122 469 paulum

59 490 99 550 ab
127 509 168 552 eo
203 489 279 551 loco
309 487 449 563 abditas,
477 489 510 550 in
540 488 621 551 locis
650 488 875 568 superioribus
903 491 1122 555 constituunt.

59 586 166 651 3Erat
196 609 240 650 ex
267 587 387 668 oppido
416 587 530 650 Alesia
553 588 732 670 despectus
762 589 793 648 in
824 609 988 670 campum.
1036 591 1123 654 Con-

61 698 202 751 currunt
228 687 281 749 his
305 687 432 749 auxiliis
451 688 551 762 visis;
576 688 611 750 fit
636 687 814 769 gratulatio
838 689 1007 764 intereos,
1025 705 1124 774 atque

61 789 214 851 omniurn
243 788 343 850 animi
372 789 411 850 ad
440 788 599 852 laetitiam
628 789 826 852 excitantur.
872 788 1023 874 ⁴ltaque,
1052 814 1157 875 pro-5

61 889 171 953 ductis
189 888 305 969 copiis,
322 901 398 951 ante
414 889 571 969 oppidum
589 891 777 964 considunt,
795 903 828 953 et
852 893 1032 973 proximam
1057 891 1123 955 ios·

61 1012 128 1053 sam
156 990 307 1052 cratibus
336 989 488 1070 integunt
518 1001 617 1074 atque
644 1012 766 1073 aggere
793 994 933 1074 explent,
958 1015 1060 1076 seque
1082 996 1122 1057 ad

62 1091 273 1173 eruptionem
292 1100 391 1172 atque
408 1111 522 1152 omnes
539 1112 636 1154 casus
654 1105 857 1174 comparant.

105 1195 157 1254 80.
186 1190 320 1262 Caesar,
337 1191 426 1253 omni
450 1192 595 1255 exercitu
613 1194 653 1254 ad
679 1204 854 1276 utramque
877 1206 1003 1275 partem
1021 1196 1124 1257 muni-

62 1293 193 1355 tionum
214 1292 385 1372 disposito‚
405 1305 447 1366 ut,
465 1294 492 1355 si
514 1315 591 1356 usus
607 1295 728 1368 veniat,
746 1316 840 1356 suum
858 1297 996 1378 quisque
1015 1295 1122 1359 locum
1144 1325 1174 1361 ιο

62 1403 177 1457 teneat
198 1404 232 1456 et
252 1394 387 1468 noverit,
404 1395 585 1476 equitatum
605 1415 644 1457 ex
661 1395 777 1458 castris
793 1397 888 1458 educi
907 1409 940 1459 et
961 1397 1121 1477 proelium

61 1494 232 1558 committi
259 1494 360 1576 jubet.
406 1491 512 1558 ²Erat
538 1517 579 1560 ex
601 1496 755 1558 omnibus
779 1495 905 1568 castris,
929 1517 1013 1578 quae
1036 1517 1124 1560 sum-

62 1617 153 1659 mum
175 1596 323 1678 undique
344 1595 458 1678 jugum
481 1597 647 1670 tenebant,
664 1598 863 1677 despectus;
887 1608 987 1679 atque
1007 1618 1123 1660 omnes

63 1698 188 1761 milites
212 1697 333 1759 intenti
357 1718 488 1779 pugnae
504 1709 700 1779 proventum
716 1699 964 1779 exspectabant.
1011 1695 1123 1759 ³Galti

62 1800 152 1863 inter
177 1799 306 1881 equites
332 1819 422 1861 raros
446 1799 636 1879 sagittarios
661 1799 897 1881 expeditosque
918 1798 1000 1860 levis
1019 1817 1123 1860 arma·
1144 1826 1172 1876 ις

63 1911 161 1963 turae
186 1900 431 1980 interjecerant,
454 1899 509 1981 qni
534 1899 602 1962 suis
628 1899 823 1961 cedentibus
847 1899 966 1961 auxilio
991 1919 1123 1960 succur-

64 2011 188 2075 rerent,
202 2010 237 2062 et
253 2011 439 2062 nostrorum
458 2000 605 2082 equitum
623 1999 767 2080 impetus
785 1999 997 2063 sustinerent.
1042 1996 1123 2060 4Αἰ)

64 2103 118 2164 his
132 2101 331 2182 complures
343 2102 385 2163 de
401 2101 578 2181 improviso
592 2100 761 2174 vulnerati,
774 2100 898 2180 proelio
910 2100 1121 2163 excedebant.

66 2203 152 2265 Cum
180 2222 259 2264 suos
286 2222 398 2282 pugna
422 2200 608 2280 superiores
635 2222 709 2262 esse
738 2200 825 2262 Galli
852 2200 1066 2275 confiderent,
1088 2211 1121 2262 et

65 2313 200 2363 nostros
227 2298 438 2361 multitudine
466 2297 570 2380 premi
595 2298 754 2371 viderent,
779 2319 819 2359 ex
841 2298 995 2359 omnibus
1023 2297 1122 2378 parti·
1142 2329 1172 2361 20

65 2403 139 2476 buS,
158 2411 193 2463 et
217 2400 239 2461 ii
264 2399 320 2482 qui
345 2398 583 2461 munitionibus
608 2399 874 2469 continebantur,
891 2409 922 2459 et
948 2398 981 2459 hi
1005 2398 1060 2480 qui
1081 2399 1122 2459 ad

66 2503 225 2564 auxilium
245 2511 479 2573 convenerant,
493 2499 635 2561 clamore
651 2510 684 2561 et
701 2499 827 2560 ululatu
844 2518 977 2560 suorum
995 2498 1123 2560 animos

66 2602 319 2666 confirmabant.
366 2597 489 2681 ⁵Quod
516 2600 548 2660 in
574 2609 755 2680 conspectu
780 2599 926 2662 omnium
950 2619 1003 2660 res
1031 2619 1123 2678 gere-

67 2704 174 2778 batur,
205 2721 313 2783 neqne
340 2710 430 2763 recte
457 2720 494 2762 ac
526 2701 669 2780 turpiter
694 2697 816 2761 sactum
846 2698 942 2760 celari
974 2709 1122 2779 poterat;

68 2816 227 2887 utrosque
246 2812 279 2864 et
296 2801 402 2863 laudis
427 2799 588 2881 cupiditas
612 2811 644 2862 et
670 2799 767 2860 timor
786 2798 986 2879 ignominiae
1002 2799 1044 2859 ad
1060 2798 1122 2858 vir-
1143 2829 1173 2879 ²5

67 2915 172 2967 tutem
199 2902 399 2965 excitabant.
427 2891 531 2962 6Cum
551 2920 570 2961 a
593 2899 729 2960 meridie
753 2919 853 2980 prope
872 2899 912 2959 ad
936 2898 1014 2960 solis
1030 2919 1123 2960 occa-

67 3025 139 3067 sum
169 3004 271 3067 dubia
294 3001 432 3064 victoria
458 3009 670 3082 pugnaretur,
695 2998 852 3060 Germani
880 3019 945 3060 una
969 2999 1002 3058 ln
1029 3009 1123 3078 parte

67 3105 227 3170 confertis
261 3104 378 3166 turmis
410 3102 443 3162 in
475 3101 588 3162 hostes
620 3099 781 3179 impetum
812 3096 969 3173 fecerunt,
1000 3117 1122 3178 eosque

68 3207 296 3289 propulerunt.
353 3202 507 3284 tQuibus
545 3201 578 3261 in
613 3197 726 3280 lugam
761 3198 928 3279 conjectis
963 3197 1123 3276 sagittarii

68 3295 289 3371 circumventi
313 3303 546 3384 interfectique
563 3311 651 3363 sunt.
700 3301 785 3362 Item
805 3320 845 3361 ex
865 3297 998 3379 reliquis
1022 3297 1122 3377 parti·
1141 3327 1172 3377 30

67 3409 127 3471 bus
152 3405 270 3479 nostri,
289 3407 445 3468 cedentes
471 3402 637 3484 usquead
661 3412 769 3463 castra
792 3398 942 3472 insecuti,
959 3397 1009 3459 sui
1033 3397 1122 3459 colli-

67 3507 168 3589 gendi
195 3504 387 3568 facultatem
416 3524 482 3565 non
510 3504 680 3566 dederunt.
728 3500 776 3561 At
808 3499 829 3560 ii
856 3499 911 3582 qui
939 3499 981 3559 ab
1008 3498 1124 3558 Alesia

68 3618 311 3689 processerant,
328 3605 454 3677 maesti,
475 3624 576 3685 prope
600 3600 737 3664 victoria
761 3603 942 3680 desperata,
959 3620 994 3660 se
1013 3599 1046 3659 in
1067 3621 1123 3678 op-

70 3709 182 3789 pidum
200 3717 404 3787 receperunt.

113 3813 165 3872 81.
192 3807 272 3870 Uno
288 3805 340 3867 die
357 3804 554 3877 intermisso
572 3803 665 3874 Galli,
684 3814 781 3881 atque
799 3801 860 3861 hoc
877 3800 984 3879 spatio
1002 3819 1122 3879 magno
1142 3825 1171 3876 35

70 3909 211 3972 cratium
241 3906 401 3968 scalarum
434 3906 660 3984 harpagonum
693 3919 830 3961 numero
861 3895 987 3972 effecto,
1016 3899 1123 3959 media
