2667 4159
85 164 109 215 Β.
120 163 152 216 G.
168 164 194 217 Ι.
209 164 270 233 31.]
346 152 633 235 Representations
656 156 696 236 of
710 153 911 217 Divitiacus.
1146 173 1184 235 19

85 339 180 405 ⁵Cum
217 342 272 406 his
309 343 470 407 Haeduos
505 365 688 429 eorumque
718 345 860 409 clientes
898 346 1001 410 semel
1040 356 1140 430 atque

84 440 195 502 iterum
212 440 317 503 armis
334 441 571 520 contendisse;
595 464 751 525 magnam
776 443 1001 507 calamitatem
1025 444 1140 527 pulsos

85 538 255 621 accepisse,
274 558 409 602 omnem
434 540 655 615 nobilitatem,
673 560 807 604 omnem
824 549 987 615 senatum,
1005 560 1138 604 omnem

86 637 263 718 equitatum
298 636 460 701 amisisse.
523 634 681 719 ⁶Quibus
713 638 849 720 proeliis
881 638 1141 702 calamitatibus·

85 756 138 816 que
160 732 299 811 fractos
317 734 373 817 qui
398 744 431 798 et
449 754 509 797 sua
524 735 649 797 virtute
666 744 700 797 et
722 735 837 819 populi
862 734 1007 799 Romani
1030 735 1140 817 hospi·
1169 762 1182 813 5

84 834 124 894 tio
145 843 247 914 atque
271 831 419 895 amicitia
441 825 621 913 plurimum
646 842 726 895 ante
746 832 781 894 in
806 830 915 896 Gallia
936 832 1138 914 potuissent,

85 941 209 993 coactos
236 951 313 994 esse
332 928 496 1013 Sequanis
516 927 651 1015 obsides
675 930 755 993 dare
779 929 1005 993 nobilissimos
1029 930 1141 993 civita¹

85 1028 129 1101 tis,
155 1038 189 1092 et
219 1029 438 1111 jurejurando
465 1027 636 1105 civitatem
671 1028 895 1111 obstringere,
923 1048 998 1091 sese
1030 1048 1139 1111 neque

84 1126 208 1189 obsides
232 1127 446 1208 repetituros,
472 1132 581 1209 n'eque
608 1125 766 1190 auxilium
791 1146 810 1188 a
832 1126 956 1209 populo
985 1126 1139 1189 Romano

85 1223 321 1306 imploraturos
349 1242 458 1307 neque
490 1228 703 1298 recusaturos
738 1243 803 1306 quo
834 1224 945 1287 minus
975 1234 1183 1305 perpetuom

85 1323 139 1384 sub
171 1318 302 1385 illorum
338 1322 469 1386 dicione
503 1333 604 1405 atque
634 1320 775 1403 imperio
808 1331 932 1385 essent.
994 1318 1136 1384 ⁷Unum

85 1438 115 1480 se
137 1439 211 1482 esse
240 1440 282 1483 ex
309 1420 401 1482 omni
425 1419 562 1486 civitate
592 1420 822 1494 Haeduorum,
846 1418 902 1502 qui
926 1418 1046 1482 adduci
1070 1439 1137 1481 non

85 1518 221 1595 potuerit
239 1527 276 1581 ut
295 1517 430 1599 juraret,
448 1514 645 1585 autliberos
672 1537 750 1580 suos
774 1516 908 1579 obsides
931 1516 1036 1579 daret.
1083 1516 1137 1579 Ob

24 1686 25 1691 γ
85 1632 150 1675 eam
174 1634 243 1677 rem
267 1635 304 1677 se
329 1634 370 1677 ex
385 1614 521 1679 civitate
545 1614 743 1697 profugisse,
761 1627 796 1680 et
822 1617 965 1679 Romam
981 1613 1023 1676 ad
1047 1634 1139 1677 sena·

24 1710 27 1721 ’
86 1720 150 1773 turn
180 1712 312 1776 venisse
344 1712 502 1776 auxilium
535 1713 750 1794 postulatum,
783 1715 871 1797 quod
903 1713 993 1777 solus
1027 1734 1136 1796 neque
1151 1735 1178 1789 15

84 1807 290 1889 jurejurando
321 1830 431 1891 neque
461 1810 634 1874 obsidibus
668 1821 850 1875 teneretur.
911 1807 1001 1875 8Sed
1038 1810 1137 1894 pejus

84 1904 256 1969 victoribus
295 1906 461 1989 Sequanis
498 1928 596 1991 quam
635 1908 789 1973 Haeduis
830 1909 930 1973 victis
965 1909 1135 1985 accidisse,

86 2014 251 2085 propterea
274 2006 363 2088 quod
387 2005 589 2081 Ariovistus,
609 2026 667 2085 rex
690 2007 944 2085 Germanorum,
961 2009 996 2073 in
1020 2031 1134 2074 eorum

86 2100 198 2164 finibus
228 2102 447 2177 consedisset,
479 2104 682 2186 tertiamque
712 2116 843 2187 partem
874 2106 944 2188 agri
976 2105 1133 2192 Sequani,

87 2198 136 2277 qui
157 2210 243 2263 esset
268 2200 414 2281 optimus
437 2201 542 2263 totius
567 2201 705 2279 Galliae,
725 2207 967 2287 occupavisset,
988 2217 1022 2271 et
1045 2229 1136 2273 nunc
1149 2232 1182 2267 ao

86 2294 123 2357 de
144 2295 244 2360 altera
267 2308 362 2379 parte
378 2296 478 2361 tertia
494 2297 670 2380 Sequanos
694 2303 858 2367 decedere
882 2304 1024 2386 juberet,
1042 2327 1138 2389 prop

86 2400 170 2456 terea
186 2396 273 2476 quod
290 2395 405 2476 paucis
424 2397 597 2460 mensibus
613 2398 693 2462 ante
718 2400 894 2465 Harudum
919 2402 1010 2467 milia
1033 2404 1137 2468 homi-

88 2509 158 2552 num
188 2510 290 2554 xxuu
315 2494 455 2555 adeum
479 2494 662 2570 venissent,
687 2496 808 2579 quibus
844 2499 937 2565 locus
968 2522 1005 2565 ac
1036 2502 1134 2566 sedes

88 2600 278 2665 pararentur.
326 2587 512 2653 9Futurum
543 2613 620 2656 esse
651 2596 767 2677 paucis
798 2598 905 2673 annis,
938 2598 988 2661 uti
1019 2619 1135 2662 omnes

88 2703 123 2745 ex
147 2685 280 2777 Galliae¹
298 2686 421 2751 finibus
453 2689 667 2770 pellerentur,
696 2703 796 2776 atque
827 2715 944 2758 omnes
976 2695 1135 2759 Germani
1149 2718 1179 2772 ²5

90 2780 233 2847 Rhenum
267 2785 472 2861 transirent;
509 2808 617 2870 neque
657 2790 746 2853 enirn
784 2789 1023 2856 conferendum
1060 2815 1135 2857 esse

89 2877 239 2944 Gallicum
264 2902 339 2945 curn
365 2882 608 2949 Germanorum
636 2907 725 2969 agr0,
751 2909 861 2971 neque
885 2891 971 2953 hanc
999 2911 1137 2955 consue·

88 2976 226 3039 tudinem
257 2980 365 3041 victus
396 3000 472 3043 cum
497 2981 553 3045 illa
577 2986 843 3065 comparandam.
892 2985 1134 3052 1⁰Ariovistum

88 3082 197 3149 autem,
221 3084 259 3137 ut
283 3077 387 3164 semel
414 3078 585 3142 Gallorum
610 3082 722 3163 copias
746 3083 871 3165 proelio
895 3085 1020 3159 vicerit,
1047 3088 1135 3168 quod

88 3171 235 3246 proelium
259 3170 387 3263 factum
415 3176 458 3238 sit
484 3177 527 3239 ad
555 3177 810 3259 Magetobriam,
837 3182 981 3263 superbe
1006 3192 1040 3245 et
1066 3204 1136 3246 cru·
1149 3206 1180 3254 30

89 3265 194 3331 deliter
216 3270 390 3353 imperare,
417 3273 550 3337 obsides
585 3276 786 3339 nobilissimi
817 3278 980 3360 cujusque
1011 3279 1133 3343 liberos

90 3382 220 3441 poscere,
245 3378 279 3431 et
303 3368 337 3431 in
362 3389 419 3432 eos
444 3372 558 3433 omnia
581 3373 735 3454 exempla
763 3374 998 3458 cruciatusque
1024 3378 1133 3454 edere,

90 3460 113 3520 si
133 3484 191 3545 qua
213 3485 265 3528 res
289 3486 357 3529 non
381 3468 421 3529 ad
446 3477 566 3531 nutum
590 3479 646 3531 aut
672 3472 712 3533 ad
729 3471 937 3535 voluntatem
955 3474 1028 3554 ejus
1046 3471 1135 3537 facta

91 3556 133 3620 sit.
185 3558 208 3599 Π
222 3562 406 3626 Hominem
439 3584 514 3627 esse
546 3566 734 3643 barbarum,
764 3569 968 3644 iracundum,
997 3580 1136 3633 temera-

91 3652 181 3722 rium:
210 3670 279 3723 non·
302 3680 401 3741 posse
418 3662 499 3751 ,ejus
524 3662 663 3744 imperia
686 3665 811 3727 diutius
835 3667 1011 3730 sustinere.
1060 3668 1134 3730 Nisi
1147 3686 1177 3739 35

92 3748 113 3812 si
145 3754 219 3837 quid
260 3757 294 3821 in
331 3756 476 3823 Caesare
511 3761 702 3845 populoque
741 3764 893 3827 Romano
930 3765 974 3827 sit
1012 3764 1156 3835 auxilii,-

98 4034 315 4105 lm]
