<?xml version="1.0" encoding="UTF-8"?>
<!DOCTYPE html PUBLIC "-//W3C//DTD XHTML 1.0 Transitional//EN"
    "http://www.w3.org/TR/xhtml1/DTD/xhtml1-transitional.dtd">
<html xmlns="http://www.w3.org/1999/xhtml" xml:lang="en" lang="en">
 <head>
  <title>
</title>
<meta http-equiv="Content-Type" content="text/html;charset=utf-8" />
  <meta name='ocr-system' content='tesseract 3.04.00' />
  <meta name='ocr-capabilities' content='ocr_page ocr_carea ocr_par ocr_line ocrx_word'/>
</head>
<body>
  <div class='ocr_page' id='page_1' title='image "./caesarsgallicwa01greegoog_0077.png"; bbox 0 0 2667 4159; ppageno 0'>
   <div class='ocr_carea' id='block_1_1' title="bbox 67 196 1167 280">
    <p class='ocr_par' dir='ltr' id='par_1_1' title="bbox 67 196 1167 280">
     <span class='ocr_line' id='line_1_1' title="bbox 67 196 1167 280; baseline -0.005 -17"><span class='ocrx_word' id='word_1_1' title='bbox 67 213 98 263; x_wconf 82' lang='lat' dir='ltr'>B.</span> <span class='ocrx_word' id='word_1_2' title='bbox 114 211 149 263; x_wconf 90' lang='lat' dir='ltr'>G.</span> <span class='ocrx_word' id='word_1_3' title='bbox 166 211 203 262; x_wconf 92' lang='grc' dir='ltr'>ΙΙ.</span> <span class='ocrx_word' id='word_1_4' title='bbox 220 211 278 280; x_wconf 88' lang='lat'><em>21.]</em></span> <span class='ocrx_word' id='word_1_5' title='bbox 350 198 466 279; x_wconf 67' lang='lat' dir='ltr'>Rasz&#39;d</span> <span class='ocrx_word' id='word_1_6' title='bbox 484 197 604 259; x_wconf 71' lang='lat' dir='ltr'>Attack</span> <span class='ocrx_word' id='word_1_7' title='bbox 627 198 666 278; x_wconf 82' lang='lat' dir='ltr'>os</span> <span class='ocrx_word' id='word_1_8' title='bbox 683 198 736 259; x_wconf 75' lang='lat' dir='ltr'>tlte</span> <span class='ocrx_word' id='word_1_9' title='bbox 758 196 884 259; x_wconf 79' lang='lat' dir='ltr'>Nervii.</span> <span class='ocrx_word' id='word_1_10' title='bbox 1127 209 1167 278; x_wconf 84' lang='lat'>45</span> 
     </span>
    </p>
   </div>
   <div class='ocr_carea' id='block_1_2' title="bbox 8 319 1178 3887">
    <p class='ocr_par' dir='ltr' id='par_1_2' title="bbox 24 319 1173 1446">
     <span class='ocr_line' id='line_1_2' title="bbox 24 319 1127 471; baseline -0.002 -19"><span class='ocrx_word' id='word_1_11' title='bbox 24 463 26 466; x_wconf 17' lang='lat'>¹</span> <span class='ocrx_word' id='word_1_12' title='bbox 66 388 200 452; x_wconf 89' lang='lat' dir='ltr'>munire</span> <span class='ocrx_word' id='word_1_13' title='bbox 238 319 568 470; x_wconf 61' lang='lat' dir='ltr'>coeperuntlswbi</span> <span class='ocrx_word' id='word_1_14' title='bbox 600 389 706 470; x_wconf 90' lang='lat' dir='ltr'>prima</span> <span class='ocrx_word' id='word_1_15' title='bbox 744 388 984 471; x_wconf 89' lang='lat' dir='ltr'>impedimenta</span> <span class='ocrx_word' id='word_1_16' title='bbox 1021 389 1127 452; x_wconf 87' lang='lat' dir='ltr'>nostri</span> 
     </span>
     <span class='ocr_line' id='line_1_3' title="bbox 66 487 1125 568; baseline -0.003 -18"><span class='ocrx_word' id='word_1_17' title='bbox 66 487 235 550; x_wconf 88' lang='lat' dir='ltr'>exercitus</span> <span class='ocrx_word' id='word_1_18' title='bbox 258 487 301 548; x_wconf 91' lang='lat' dir='ltr'>ab</span> <span class='ocrx_word' id='word_1_19' title='bbox 324 487 364 548; x_wconf 90' lang='lat' dir='ltr'>iis</span> <span class='ocrx_word' id='word_1_20' title='bbox 388 487 445 568; x_wconf 93' lang='lat' dir='ltr'>qui</span> <span class='ocrx_word' id='word_1_21' title='bbox 469 487 503 548; x_wconf 92' lang='lat' dir='ltr'>in</span> <span class='ocrx_word' id='word_1_22' title='bbox 527 487 618 549; x_wconf 88' lang='lat' dir='ltr'>silvis</span> <span class='ocrx_word' id='word_1_23' title='bbox 641 487 746 550; x_wconf 89' lang='lat' dir='ltr'>abditi</span> <span class='ocrx_word' id='word_1_24' title='bbox 770 488 919 548; x_wconf 88' lang='lat' dir='ltr'>latebant</span> <span class='ocrx_word' id='word_1_25' title='bbox 942 487 1013 548; x_wconf 88' lang='lat' dir='ltr'>visa</span> <span class='ocrx_word' id='word_1_26' title='bbox 1036 495 1125 561; x_wconf 91' lang='lat' dir='ltr'>sunt,</span> 
     </span>
     <span class='ocr_line' id='line_1_4' title="bbox 65 584 1125 668; baseline -0.003 -20"><span class='ocrx_word' id='word_1_27' title='bbox 65 587 156 668; x_wconf 90' lang='lat' dir='ltr'>quod</span> <span class='ocrx_word' id='word_1_28' title='bbox 173 593 308 666; x_wconf 91' lang='lat' dir='ltr'>tempus</span> <span class='ocrx_word' id='word_1_29' title='bbox 333 585 421 646; x_wconf 92' lang='lat' dir='ltr'>inter</span> <span class='ocrx_word' id='word_1_30' title='bbox 445 605 501 647; x_wconf 91' lang='lat' dir='ltr'>eos</span> <span class='ocrx_word' id='word_1_31' title='bbox 527 584 759 647; x_wconf 88' lang='lat' dir='ltr'>committendi</span> <span class='ocrx_word' id='word_1_32' title='bbox 782 584 897 664; x_wconf 89' lang='lat' dir='ltr'>proelii</span> <span class='ocrx_word' id='word_1_33' title='bbox 914 594 1125 658; x_wconf 89' lang='lat' dir='ltr'>convenerat,</span> 
     </span>
     <span class='ocr_line' id='line_1_5' title="bbox 65 654 1126 842; baseline -0.002 -96"><span class='ocrx_word' id='word_1_34' title='bbox 65 694 103 746; x_wconf 94' lang='lat' dir='ltr'>ut</span> <span class='ocrx_word' id='word_1_35' title='bbox 136 654 353 842; x_wconf 50' lang='lat' dir='ltr'>inp‘silvas</span> <span class='ocrx_word' id='word_1_36' title='bbox 382 682 487 744; x_wconf 86' lang='lat' dir='ltr'>aciem</span> <span class='ocrx_word' id='word_1_37' title='bbox 521 682 720 764; x_wconf 83' lang='lat' dir='ltr'>ordinesque</span> <span class='ocrx_word' id='word_1_38' title='bbox 751 681 995 743; x_wconf 89' lang='lat' dir='ltr'>constituerant</span> <span class='ocrx_word' id='word_1_39' title='bbox 1027 690 1126 762; x_wconf 89' lang='lat' dir='ltr'>atque</span> 
     </span>
     <span class='ocr_line' id='line_1_6' title="bbox 66 777 1170 866; baseline -0.003 -23"><span class='ocrx_word' id='word_1_40' title='bbox 66 782 131 862; x_wconf 92' lang='lat' dir='ltr'>ipsi</span> <span class='ocrx_word' id='word_1_41' title='bbox 163 801 239 842; x_wconf 89' lang='lat' dir='ltr'>sse</span> <span class='ocrx_word' id='word_1_42' title='bbox 270 779 558 852; x_wconf 86' lang='lat' dir='ltr'>confirmaverant,</span> <span class='ocrx_word' id='word_1_43' title='bbox 593 779 703 842; x_wconf 91' lang='lat' dir='ltr'>subito</span> <span class='ocrx_word' id='word_1_44' title='bbox 734 779 889 840; x_wconf 92' lang='lat' dir='ltr'>omnibus</span> <span class='ocrx_word' id='word_1_45' title='bbox 921 777 1024 866; x_wconf 82' lang='lat' dir='ltr'>copiis</span> <span class='ocrx_word' id='word_1_46' title='bbox 1056 799 1128 858; x_wconf 93' lang='lat' dir='ltr'>pro·</span> <span class='ocrx_word' id='word_1_47' title='bbox 1157 800 1170 852; x_wconf 87' lang='lat'><strong>5</strong></span> 
     </span>
     <span class='ocr_line' id='line_1_7' title="bbox 65 866 1125 958; baseline -0.003 -17"><span class='ocrx_word' id='word_1_48' title='bbox 65 879 276 952; x_wconf 88' lang='lat' dir='ltr'>volaverunt,</span> <span class='ocrx_word' id='word_1_49' title='bbox 308 877 536 958; x_wconf 82' lang='lat' dir='ltr'><strong>impetumque</strong></span> <span class='ocrx_word' id='word_1_50' title='bbox 568 876 601 938; x_wconf 90' lang='lat' dir='ltr'>in</span> <span class='ocrx_word' id='word_1_51' title='bbox 632 886 766 939; x_wconf 91' lang='lat' dir='ltr'>nostros</span> <span class='ocrx_word' id='word_1_52' title='bbox 798 875 927 957; x_wconf 85' lang='lat' dir='ltr'><strong>equites</strong></span> <span class='ocrx_word' id='word_1_53' title='bbox 965 866 1125 938; x_wconf 82' lang='lat' dir='ltr'>fecerunt.</span> 
     </span>
     <span class='ocr_line' id='line_1_8' title="bbox 64 973 1127 1054; baseline -0.004 -16"><span class='ocrx_word' id='word_1_54' title='bbox 64 976 159 1038; x_wconf 90' lang='lat' dir='ltr'>6His</span> <span class='ocrx_word' id='word_1_55' title='bbox 184 973 280 1036; x_wconf 87' lang='lat' dir='ltr'>lacile</span> <span class='ocrx_word' id='word_1_56' title='bbox 304 975 409 1054; x_wconf 91' lang='lat' dir='ltr'>pulsis</span> <span class='ocrx_word' id='word_1_57' title='bbox 434 993 471 1037; x_wconf 90' lang='lat' dir='ltr'>ac</span> <span class='ocrx_word' id='word_1_58' title='bbox 499 974 712 1054; x_wconf 89' lang='lat' dir='ltr'>proturbatis,</span> <span class='ocrx_word' id='word_1_59' title='bbox 737 973 924 1036; x_wconf 86' lang='lat' dir='ltr'>incredibili</span> <span class='ocrx_word' id='word_1_60' title='bbox 956 973 1127 1035; x_wconf 88' lang='lat' dir='ltr'>celeritate</span> 
     </span>
     <span class='ocr_line' id='line_1_9' title="bbox 65 1070 1127 1152; baseline -0.007 -14"><span class='ocrx_word' id='word_1_61' title='bbox 65 1077 107 1138; x_wconf 89' lang='lat' dir='ltr'>ad</span> <span class='ocrx_word' id='word_1_62' title='bbox 133 1074 260 1136; x_wconf 87' lang='lat' dir='ltr'>flumen</span> <span class='ocrx_word' id='word_1_63' title='bbox 283 1073 553 1146; x_wconf 90' lang='lat' dir='ltr'>decucurrerunt,</span> <span class='ocrx_word' id='word_1_64' title='bbox 574 1080 609 1133; x_wconf 88' lang='lat' dir='ltr'>ut</span> <span class='ocrx_word' id='word_1_65' title='bbox 634 1091 740 1152; x_wconf 89' lang='lat' dir='ltr'>paene</span> <span class='ocrx_word' id='word_1_66' title='bbox 764 1090 830 1132; x_wconf 91' lang='lat' dir='ltr'>uno</span> <span class='ocrx_word' id='word_1_67' title='bbox 857 1079 1006 1151; x_wconf 89' lang='lat' dir='ltr'>tempore</span> <span class='ocrx_word' id='word_1_68' title='bbox 1030 1080 1062 1132; x_wconf 91' lang='lat' dir='ltr'>et</span> <span class='ocrx_word' id='word_1_69' title='bbox 1087 1070 1127 1131; x_wconf 91' lang='lat' dir='ltr'>ad</span> 
     </span>
     <span class='ocr_line' id='line_1_10' title="bbox 67 1167 1127 1250; baseline -0.006 -15"><span class='ocrx_word' id='word_1_70' title='bbox 67 1173 171 1236; x_wconf 89' lang='lat' dir='ltr'>silvas</span> <span class='ocrx_word' id='word_1_71' title='bbox 196 1181 229 1233; x_wconf 88' lang='lat' dir='ltr'>et</span> <span class='ocrx_word' id='word_1_72' title='bbox 253 1170 286 1231; x_wconf 95' lang='lat' dir='ltr'>in</span> <span class='ocrx_word' id='word_1_73' title='bbox 310 1169 447 1232; x_wconf 90' lang='lat' dir='ltr'>flumine</span> <span class='ocrx_word' id='word_1_74' title='bbox 470 1178 504 1231; x_wconf 93' lang='lat' dir='ltr'>et</span> <span class='ocrx_word' id='word_1_75' title='bbox 528 1168 595 1250; x_wconf 86' lang='lat' dir='ltr'>jam</span> <span class='ocrx_word' id='word_1_76' title='bbox 620 1167 652 1230; x_wconf 93' lang='lat' dir='ltr'>in</span> <span class='ocrx_word' id='word_1_77' title='bbox 679 1168 831 1230; x_wconf 92' lang='lat' dir='ltr'>manibus</span> <span class='ocrx_word' id='word_1_78' title='bbox 860 1167 984 1230; x_wconf 91' lang='lat' dir='ltr'>nostris</span> <span class='ocrx_word' id='word_1_79' title='bbox 1012 1168 1127 1230; x_wconf 90' lang='lat' dir='ltr'>hostes</span> 
     </span>
     <span class='ocr_line' id='line_1_11' title="bbox 65 1265 1173 1333; baseline -0.01 -1"><span class='ocrx_word' id='word_1_80' title='bbox 65 1273 271 1333; x_wconf 89' lang='lat' dir='ltr'>viderentur.</span> <span class='ocrx_word' id='word_1_81' title='bbox 320 1268 446 1329; x_wconf 89' lang='lat' dir='ltr'>Eadem</span> <span class='ocrx_word' id='word_1_82' title='bbox 471 1276 582 1328; x_wconf 89' lang='lat' dir='ltr'>autern</span> <span class='ocrx_word' id='word_1_83' title='bbox 607 1265 779 1329; x_wconf 88' lang='lat' dir='ltr'>celeritate</span> <span class='ocrx_word' id='word_1_84' title='bbox 802 1265 941 1327; x_wconf 88' lang='lat' dir='ltr'>adverso</span> <span class='ocrx_word' id='word_1_85' title='bbox 972 1265 1055 1327; x_wconf 93' lang='lat' dir='ltr'>colle</span> <span class='ocrx_word' id='word_1_86' title='bbox 1086 1265 1173 1326; x_wconf 87' lang='lat' dir='ltr'>adro</span> 
     </span>
     <span class='ocr_line' id='line_1_12' title="bbox 67 1362 1127 1446; baseline -0.006 -16"><span class='ocrx_word' id='word_1_87' title='bbox 67 1378 187 1430; x_wconf 89' lang='lat' dir='ltr'>nostra</span> <span class='ocrx_word' id='word_1_88' title='bbox 212 1375 329 1438; x_wconf 90' lang='lat' dir='ltr'>castra,</span> <span class='ocrx_word' id='word_1_89' title='bbox 355 1373 455 1446; x_wconf 88' lang='lat' dir='ltr'>atque</span> <span class='ocrx_word' id='word_1_90' title='bbox 477 1384 535 1426; x_wconf 92' lang='lat' dir='ltr'>eos</span> <span class='ocrx_word' id='word_1_91' title='bbox 559 1364 614 1446; x_wconf 91' lang='lat' dir='ltr'>qui</span> <span class='ocrx_word' id='word_1_92' title='bbox 643 1363 679 1426; x_wconf 92' lang='lat' dir='ltr'>in</span> <span class='ocrx_word' id='word_1_93' title='bbox 711 1382 811 1445; x_wconf 90' lang='lat' dir='ltr'>opere</span> <span class='ocrx_word' id='word_1_94' title='bbox 838 1362 991 1443; x_wconf 90' lang='lat' dir='ltr'>occupati</span> <span class='ocrx_word' id='word_1_95' title='bbox 1022 1371 1127 1437; x_wconf 90' lang='lat' dir='ltr'>erant,</span> 
     </span>
    </p>

    <p class='ocr_par' dir='ltr' id='par_1_3' title="bbox 8 1463 326 1538">
     <span class='ocr_line' id='line_1_13' title="bbox 8 1463 326 1538; baseline -0.016 -9"><span class='ocrx_word' id='word_1_96' title='bbox 8 1533 10 1538; x_wconf 60' lang='grc'><strong>,</strong></span> <span class='ocrx_word' id='word_1_97' title='bbox 66 1463 326 1529; x_wconf 88' lang='lat' dir='ltr'>contenderunt.</span> 
     </span>
    </p>

    <p class='ocr_par' dir='ltr' id='par_1_4' title="bbox 67 1557 1172 2032">
     <span class='ocr_line' id='line_1_14' title="bbox 114 1557 1130 1640; baseline -0.005 -16"><span class='ocrx_word' id='word_1_98' title='bbox 114 1579 164 1624; x_wconf 87' lang='lat'>20.</span> <span class='ocrx_word' id='word_1_99' title='bbox 194 1558 328 1622; x_wconf 83' lang='lat' dir='ltr'>Caesari</span> <span class='ocrx_word' id='word_1_100' title='bbox 351 1558 462 1620; x_wconf 90' lang='lat' dir='ltr'>omnia</span> <span class='ocrx_word' id='word_1_101' title='bbox 487 1579 552 1621; x_wconf 90' lang='lat' dir='ltr'>uno</span> <span class='ocrx_word' id='word_1_102' title='bbox 576 1568 728 1640; x_wconf 89' lang='lat' dir='ltr'>tempore</span> <span class='ocrx_word' id='word_1_103' title='bbox 752 1567 846 1620; x_wconf 89' lang='lat' dir='ltr'>erant</span> <span class='ocrx_word' id='word_1_104' title='bbox 877 1557 1027 1639; x_wconf 78' lang='lat' dir='ltr'>agendar</span> <span class='ocrx_word' id='word_1_105' title='bbox 1056 1578 1130 1620; x_wconf 89' lang='lat' dir='ltr'>vex-</span> 
     </span>
     <span class='ocr_line' id='line_1_15' title="bbox 67 1655 1130 1738; baseline -0.007 -15"><span class='ocrx_word' id='word_1_106' title='bbox 67 1662 165 1724; x_wconf 90' lang='lat' dir='ltr'>illum</span> <span class='ocrx_word' id='word_1_107' title='bbox 194 1658 446 1738; x_wconf 91' lang='lat' dir='ltr'>proponendum</span> <span class='ocrx_word' id='word_1_108' title='bbox 477 1658 576 1738; x_wconf 90' lang='lat' dir='ltr'>(quod</span> <span class='ocrx_word' id='word_1_109' title='bbox 603 1667 673 1719; x_wconf 92' lang='lat' dir='ltr'>erat</span> <span class='ocrx_word' id='word_1_110' title='bbox 699 1656 841 1737; x_wconf 88' lang='lat' dir='ltr'>insigne,</span> <span class='ocrx_word' id='word_1_111' title='bbox 871 1674 946 1717; x_wconf 91' lang='lat' dir='ltr'>cum</span> <span class='ocrx_word' id='word_1_112' title='bbox 974 1655 1014 1717; x_wconf 92' lang='lat' dir='ltr'>ad</span> <span class='ocrx_word' id='word_1_113' title='bbox 1039 1674 1130 1716; x_wconf 89' lang='lat' dir='ltr'>arma</span> 
     </span>
     <span class='ocr_line' id='line_1_16' title="bbox 67 1752 1172 1836; baseline -0.006 -16"><span class='ocrx_word' id='word_1_114' title='bbox 67 1755 225 1822; x_wconf 85' lang='lat' dir='ltr'>concurri</span> <span class='ocrx_word' id='word_1_115' title='bbox 256 1756 449 1835; x_wconf 82' lang='lat' dir='ltr'>oporteret),</span> <span class='ocrx_word' id='word_1_116' title='bbox 483 1755 615 1836; x_wconf 90' lang='lat' dir='ltr'>signum</span> <span class='ocrx_word' id='word_1_117' title='bbox 646 1754 729 1816; x_wconf 91' lang='lat' dir='ltr'>tuba</span> <span class='ocrx_word' id='word_1_118' title='bbox 769 1752 924 1825; x_wconf 88' lang='lat' dir='ltr'>dandum,</span> <span class='ocrx_word' id='word_1_119' title='bbox 957 1752 999 1815; x_wconf 92' lang='lat' dir='ltr'>ab</span> <span class='ocrx_word' id='word_1_120' title='bbox 1029 1771 1130 1835; x_wconf 89' lang='lat' dir='ltr'>opere</span> <span class='ocrx_word' id='word_1_121' title='bbox 1144 1773 1172 1827; x_wconf 85' lang='lat'>15</span> 
     </span>
     <span class='ocr_line' id='line_1_17' title="bbox 68 1839 1130 1934; baseline -0.008 -14"><span class='ocrx_word' id='word_1_122' title='bbox 68 1854 251 1920; x_wconf 88' lang='lat' dir='ltr'>revocandi</span> <span class='ocrx_word' id='word_1_123' title='bbox 283 1852 414 1929; x_wconf 86' lang='lat' dir='ltr'>milites,</span> <span class='ocrx_word' id='word_1_124' title='bbox 447 1853 503 1934; x_wconf 92' lang='lat' dir='ltr'>qui</span> <span class='ocrx_word' id='word_1_125' title='bbox 535 1852 632 1933; x_wconf 89' lang='lat' dir='ltr'>paulo</span> <span class='ocrx_word' id='word_1_126' title='bbox 662 1839 796 1932; x_wconf 82' lang='lat' dir='ltr'>longius</span> <span class='ocrx_word' id='word_1_127' title='bbox 828 1849 961 1932; x_wconf 82' lang='lat' dir='ltr'>aggeris</span> <span class='ocrx_word' id='word_1_128' title='bbox 992 1850 1130 1932; x_wconf 89' lang='lat' dir='ltr'>petendi</span> 
     </span>
     <span class='ocr_line' id='line_1_18' title="bbox 69 1937 1131 2032; baseline -0.008 -15"><span class='ocrx_word' id='word_1_129' title='bbox 69 1973 174 2018; x_wconf 90' lang='lat' dir='ltr'>causa</span> <span class='ocrx_word' id='word_1_130' title='bbox 205 1960 436 2032; x_wconf 85' lang='lat' dir='ltr'>processerant</span> <span class='ocrx_word' id='word_1_131' title='bbox 467 1950 666 2025; x_wconf 85' lang='lat' dir='ltr'>arcessendi,</span> <span class='ocrx_word' id='word_1_132' title='bbox 699 1937 791 2013; x_wconf 87' lang='lat' dir='ltr'>acies</span> <span class='ocrx_word' id='word_1_133' title='bbox 819 1948 1023 2024; x_wconf 89' lang='lat' dir='ltr'>instruenda,</span> <span class='ocrx_word' id='word_1_134' title='bbox 1050 1947 1131 2010; x_wconf 92' lang='lat' dir='ltr'>mili-</span> 
     </span>
    </p>

    <p class='ocr_par' dir='ltr' id='par_1_5' title="bbox 40 2048 1175 3108">
     <span class='ocr_line' id='line_1_19' title="bbox 40 2048 1127 2133; baseline -0.005 -18"><span class='ocrx_word' id='word_1_135' title='bbox 40 2064 124 2126; x_wconf 52' lang='lat' dir='ltr'>„tes</span> <span class='ocrx_word' id='word_1_136' title='bbox 172 2049 377 2123; x_wconf 90' lang='lat' dir='ltr'>cohortandi,</span> <span class='ocrx_word' id='word_1_137' title='bbox 420 2048 551 2129; x_wconf 88' lang='lat' dir='ltr'>signum</span> <span class='ocrx_word' id='word_1_138' title='bbox 601 2048 773 2133; x_wconf 72' lang='lat' dir='ltr'>dandum.)</span> <span class='ocrx_word' id='word_1_139' title='bbox 820 2049 969 2133; x_wconf 82' lang='lat' dir='ltr'>Quarum</span> <span class='ocrx_word' id='word_1_140' title='bbox 1016 2070 1127 2115; x_wconf 89' lang='lat' dir='ltr'>rerum</span> 
     </span>
     <span class='ocr_line' id='line_1_20' title="bbox 70 2145 1129 2234; baseline -0.003 -22"><span class='ocrx_word' id='word_1_141' title='bbox 70 2168 231 2230; x_wconf 88' lang='lat' dir='ltr'>magnam</span> <span class='ocrx_word' id='word_1_142' title='bbox 248 2157 372 2234; x_wconf 84' lang='lat' dir='ltr'>partem</span> <span class='ocrx_word' id='word_1_143' title='bbox 391 2145 552 2226; x_wconf 90' lang='lat' dir='ltr'>temporis</span> <span class='ocrx_word' id='word_1_144' title='bbox 568 2146 765 2216; x_wconf 85' lang='lat' dir='ltr'>brevitaset</span> <span class='ocrx_word' id='word_1_145' title='bbox 783 2169 959 2212; x_wconf 88' lang='lat' dir='ltr'>successus</span> <span class='ocrx_word' id='word_1_146' title='bbox 983 2149 1129 2212; x_wconf 91' lang='lat' dir='ltr'>hostiurn</span> 
     </span>
     <span class='ocr_line' id='line_1_21' title="bbox 71 2240 1175 2327; baseline -0.001 -18"><span class='ocrx_word' id='word_1_147' title='bbox 71 2245 286 2327; x_wconf 89' lang='lat' dir='ltr'>impediebat.</span> <span class='ocrx_word' id='word_1_148' title='bbox 332 2240 421 2306; x_wconf 81' lang='lat' dir='ltr'>²His</span> <span class='ocrx_word' id='word_1_149' title='bbox 452 2243 704 2307; x_wconf 87' lang='lat' dir='ltr'>difficultatibus</span> <span class='ocrx_word' id='word_1_150' title='bbox 736 2246 820 2308; x_wconf 84' lang='lat' dir='ltr'>duae</span> <span class='ocrx_word' id='word_1_151' title='bbox 851 2267 904 2311; x_wconf 89' lang='lat' dir='ltr'>res</span> <span class='ocrx_word' id='word_1_152' title='bbox 932 2256 1026 2310; x_wconf 87' lang='lat' dir='ltr'>erant</span> <span class='ocrx_word' id='word_1_153' title='bbox 1058 2246 1175 2309; x_wconf 86' lang='lat' dir='ltr'>sub-20</span> 
     </span>
     <span class='ocr_line' id='line_1_22' title="bbox 71 2341 1131 2427; baseline 0 -21"><span class='ocrx_word' id='word_1_154' title='bbox 71 2343 167 2417; x_wconf 83' lang='lat' dir='ltr'>sidio,</span> <span class='ocrx_word' id='word_1_155' title='bbox 179 2341 374 2404; x_wconf 86' lang='lat' dir='ltr'>-scientia</span> <span class='ocrx_word' id='word_1_156' title='bbox 390 2351 489 2422; x_wconf 90' lang='lat' dir='ltr'>atque</span> <span class='ocrx_word' id='word_1_157' title='bbox 513 2361 593 2404; x_wconf 92' lang='lat' dir='ltr'>usus</span> <span class='ocrx_word' id='word_1_158' title='bbox 618 2342 773 2418; x_wconf 87' lang='lat' dir='ltr'>militum,</span> <span class='ocrx_word' id='word_1_159' title='bbox 790 2345 879 2425; x_wconf 91' lang='lat' dir='ltr'>quod</span> <span class='ocrx_word' id='word_1_160' title='bbox 905 2343 1131 2427; x_wconf 89' lang='lat' dir='ltr'>superioribus</span> 
     </span>
     <span class='ocr_line' id='line_1_23' title="bbox 71 2438 1130 2523; baseline -0.003 -18"><span class='ocrx_word' id='word_1_161' title='bbox 71 2441 210 2523; x_wconf 89' lang='lat' dir='ltr'>proeliis</span> <span class='ocrx_word' id='word_1_162' title='bbox 250 2439 429 2512; x_wconf 88' lang='lat' dir='ltr'>exercitati,</span> <span class='ocrx_word' id='word_1_163' title='bbox 469 2438 546 2520; x_wconf 89' lang='lat' dir='ltr'>quid</span> <span class='ocrx_word' id='word_1_164' title='bbox 586 2439 657 2502; x_wconf 88' lang='lat' dir='ltr'>fieri</span> <span class='ocrx_word' id='word_1_165' title='bbox 695 2451 875 2523; x_wconf 87' lang='lat' dir='ltr'>oporteret,</span> <span class='ocrx_word' id='word_1_166' title='bbox 915 2463 982 2504; x_wconf 93' lang='lat' dir='ltr'>non</span> <span class='ocrx_word' id='word_1_167' title='bbox 1021 2441 1130 2503; x_wconf 89' lang='lat' dir='ltr'>minus</span> 
     </span>
     <span class='ocr_line' id='line_1_24' title="bbox 71 2536 1131 2621; baseline -0.003 -19"><span class='ocrx_word' id='word_1_168' title='bbox 71 2537 249 2602; x_wconf 89' lang='lat' dir='ltr'>commode</span> <span class='ocrx_word' id='word_1_169' title='bbox 281 2537 343 2618; x_wconf 89' lang='lat' dir='ltr'>ipsi</span> <span class='ocrx_word' id='word_1_170' title='bbox 375 2536 439 2598; x_wconf 89' lang='lat' dir='ltr'>sibi</span> <span class='ocrx_word' id='word_1_171' title='bbox 469 2537 695 2617; x_wconf 88' lang='lat' dir='ltr'>praescribere</span> <span class='ocrx_word' id='word_1_172' title='bbox 725 2560 822 2621; x_wconf 90' lang='lat' dir='ltr'>quam</span> <span class='ocrx_word' id='word_1_173' title='bbox 847 2540 889 2602; x_wconf 92' lang='lat' dir='ltr'>ab</span> <span class='ocrx_word' id='word_1_174' title='bbox 916 2539 989 2602; x_wconf 91' lang='lat' dir='ltr'>aliis</span> <span class='ocrx_word' id='word_1_175' title='bbox 1020 2538 1131 2602; x_wconf 91' lang='lat' dir='ltr'>doceri</span> 
     </span>
     <span class='ocr_line' id='line_1_25' title="bbox 71 2634 1131 2720; baseline 0 -21"><span class='ocrx_word' id='word_1_176' title='bbox 71 2645 253 2718; x_wconf 85' lang='lat' dir='ltr'>poterant3</span> <span class='ocrx_word' id='word_1_177' title='bbox 292 2643 325 2696; x_wconf 90' lang='lat' dir='ltr'>et</span> <span class='ocrx_word' id='word_1_178' title='bbox 363 2634 450 2716; x_wconf 93' lang='lat' dir='ltr'>quod</span> <span class='ocrx_word' id='word_1_179' title='bbox 489 2635 530 2696; x_wconf 91' lang='lat' dir='ltr'>ab</span> <span class='ocrx_word' id='word_1_180' title='bbox 569 2655 667 2716; x_wconf 88' lang='lat' dir='ltr'>opere</span> <span class='ocrx_word' id='word_1_181' title='bbox 699 2637 906 2720; x_wconf 88' lang='lat' dir='ltr'>singulisque</span> <span class='ocrx_word' id='word_1_182' title='bbox 944 2636 1131 2718; x_wconf 91' lang='lat' dir='ltr'>legionibus</span> 
     </span>
     <span class='ocr_line' id='line_1_26' title="bbox 71 2731 1174 2816; baseline -0.004 -19"><span class='ocrx_word' id='word_1_183' title='bbox 71 2733 226 2816; x_wconf 85' lang='lat' dir='ltr'>singulos</span> <span class='ocrx_word' id='word_1_184' title='bbox 258 2732 386 2812; x_wconf 89' lang='lat' dir='ltr'>legatos</span> <span class='ocrx_word' id='word_1_185' title='bbox 419 2731 543 2794; x_wconf 89' lang='lat' dir='ltr'>Caesar</span> <span class='ocrx_word' id='word_1_186' title='bbox 566 2733 738 2799; x_wconf 89' lang='lat' dir='ltr'>discedere</span> <span class='ocrx_word' id='word_1_187' title='bbox 763 2735 827 2798; x_wconf 91' lang='lat' dir='ltr'>nisi</span> <span class='ocrx_word' id='word_1_188' title='bbox 851 2734 990 2797; x_wconf 90' lang='lat' dir='ltr'>munitis</span> <span class='ocrx_word' id='word_1_189' title='bbox 1014 2733 1131 2796; x_wconf 90' lang='lat' dir='ltr'>castris</span> <span class='ocrx_word' id='word_1_190' title='bbox 1145 2754 1174 2806; x_wconf 86' lang='lat'>²5</span> 
     </span>
     <span class='ocr_line' id='line_1_27' title="bbox 70 2826 1131 2913; baseline 0 -19"><span class='ocrx_word' id='word_1_191' title='bbox 70 2840 236 2896; x_wconf 87' lang='lat' dir='ltr'>vetuerat.</span> <span class='ocrx_word' id='word_1_192' title='bbox 283 2826 363 2903; x_wconf 80' lang='lat' dir='ltr'>3Hi,</span> <span class='ocrx_word' id='word_1_193' title='bbox 388 2839 524 2912; x_wconf 90' lang='lat' dir='ltr'>propter</span> <span class='ocrx_word' id='word_1_194' title='bbox 547 2831 828 2913; x_wconf 89' lang='lat' dir='ltr'>propinquitatem</span> <span class='ocrx_word' id='word_1_195' title='bbox 860 2843 893 2894; x_wconf 90' lang='lat' dir='ltr'>et</span> <span class='ocrx_word' id='word_1_196' title='bbox 925 2831 1131 2895; x_wconf 85' lang='lat' dir='ltr'>celeritatem</span> 
     </span>
     <span class='ocr_line' id='line_1_28' title="bbox 71 2925 1131 3012; baseline -0.003 -19"><span class='ocrx_word' id='word_1_197' title='bbox 71 2930 233 3002; x_wconf 92' lang='lat' dir='ltr'>hostium,</span> <span class='ocrx_word' id='word_1_198' title='bbox 265 2926 346 2989; x_wconf 94' lang='lat' dir='ltr'>nihil</span> <span class='ocrx_word' id='word_1_199' title='bbox 377 2925 444 3008; x_wconf 84' lang='lat' dir='ltr'>jam</span> <span class='ocrx_word' id='word_1_200' title='bbox 477 2927 628 2991; x_wconf 86' lang='lat' dir='ltr'>Caesaris</span> <span class='ocrx_word' id='word_1_201' title='bbox 666 2929 843 3009; x_wconf 88' lang='lat' dir='ltr'>imperium</span> <span class='ocrx_word' id='word_1_202' title='bbox 881 2930 1131 3012; x_wconf 86' lang='lat' dir='ltr'>exspectabant,</span> 
     </span>
     <span class='ocr_line' id='line_1_29' title="bbox 71 3025 881 3108; baseline -0.001 -18"><span class='ocrx_word' id='word_1_203' title='bbox 71 3029 131 3090; x_wconf 88' lang='lat' dir='ltr'>sed</span> <span class='ocrx_word' id='word_1_204' title='bbox 148 3046 211 3108; x_wconf 90' lang='lat' dir='ltr'>per</span> <span class='ocrx_word' id='word_1_205' title='bbox 227 3035 268 3088; x_wconf 87' lang='lat' dir='ltr'>se&#39;</span> <span class='ocrx_word' id='word_1_206' title='bbox 280 3045 365 3106; x_wconf 90' lang='lat' dir='ltr'>quae</span> <span class='ocrx_word' id='word_1_207' title='bbox 380 3025 580 3088; x_wconf 86' lang='lat' dir='ltr'>videbantur</span> <span class='ocrx_word' id='word_1_208' title='bbox 596 3026 881 3089; x_wconf 89' lang='lat' dir='ltr'>administrabant.</span> 
     </span>
    </p>

    <p class='ocr_par' dir='ltr' id='par_1_6' title="bbox 70 3122 1178 3887">
     <span class='ocr_line' id='line_1_30' title="bbox 117 3122 1134 3205; baseline -0.001 -19"><span class='ocrx_word' id='word_1_209' title='bbox 117 3142 170 3186; x_wconf 91' lang='lat'>21.</span> <span class='ocrx_word' id='word_1_210' title='bbox 197 3122 330 3197; x_wconf 84' lang='lat' dir='ltr'>Caesar,</span> <span class='ocrx_word' id='word_1_211' title='bbox 362 3123 560 3186; x_wconf 88' lang='lat' dir='ltr'>necessariis</span> <span class='ocrx_word' id='word_1_212' title='bbox 592 3123 692 3186; x_wconf 89' lang='lat' dir='ltr'>rebus</span> <span class='ocrx_word' id='word_1_213' title='bbox 731 3123 910 3205; x_wconf 89' lang='lat' dir='ltr'>imperatis,</span> <span class='ocrx_word' id='word_1_214' title='bbox 944 3126 984 3186; x_wconf 90' lang='lat' dir='ltr'>ad</span> <span class='ocrx_word' id='word_1_215' title='bbox 1023 3124 1134 3187; x_wconf 89' lang='lat' dir='ltr'>cohor-</span> 
     </span>
     <span class='ocr_line' id='line_1_31' title="bbox 70 3218 1178 3302; baseline -0.006 -18"><span class='ocrx_word' id='word_1_216' title='bbox 70 3223 195 3284; x_wconf 85' lang='lat' dir='ltr'>tandos</span> <span class='ocrx_word' id='word_1_217' title='bbox 217 3220 344 3296; x_wconf 50' lang='lat' dir='ltr'>,milites</span> <span class='ocrx_word' id='word_1_218' title='bbox 367 3240 465 3302; x_wconf 90' lang='lat' dir='ltr'>quam</span> <span class='ocrx_word' id='word_1_219' title='bbox 490 3220 523 3280; x_wconf 92' lang='lat' dir='ltr'>in</span> <span class='ocrx_word' id='word_1_220' title='bbox 547 3229 674 3300; x_wconf 89' lang='lat' dir='ltr'>partem</span> <span class='ocrx_word' id='word_1_221' title='bbox 698 3218 767 3283; x_wconf 82' lang='lat' dir='ltr'>fors</span> <span class='ocrx_word' id='word_1_222' title='bbox 791 3221 911 3283; x_wconf 91' lang='lat' dir='ltr'>obtulit</span> <span class='ocrx_word' id='word_1_223' title='bbox 934 3221 1131 3295; x_wconf 87' lang='lat' dir='ltr'>decucurrit,</span> <span class='ocrx_word' id='word_1_224' title='bbox 1147 3242 1178 3292; x_wconf 85' lang='lat'>30</span> 
     </span>
     <span class='ocr_line' id='line_1_32' title="bbox 71 3311 1134 3398; baseline -0.001 -16"><span class='ocrx_word' id='word_1_225' title='bbox 71 3329 106 3382; x_wconf 91' lang='lat' dir='ltr'>et</span> <span class='ocrx_word' id='word_1_226' title='bbox 132 3319 177 3381; x_wconf 88' lang='lat' dir='ltr'>ad</span> <span class='ocrx_word' id='word_1_227' title='bbox 203 3311 374 3398; x_wconf 80' lang='lat' dir='ltr'>¹legionem</span> <span class='ocrx_word' id='word_1_228' title='bbox 405 3318 577 3379; x_wconf 89' lang='lat' dir='ltr'>decumam</span> <span class='ocrx_word' id='word_1_229' title='bbox 602 3318 744 3380; x_wconf 89' lang='lat' dir='ltr'>devenit.</span> <span class='ocrx_word' id='word_1_230' title='bbox 791 3315 942 3381; x_wconf 79' lang='lat' dir='ltr'>2Milites</span> <span class='ocrx_word' id='word_1_231' title='bbox 968 3339 1035 3381; x_wconf 94' lang='lat' dir='ltr'>non</span> <span class='ocrx_word' id='word_1_232' title='bbox 1066 3319 1134 3381; x_wconf 93' lang='lat' dir='ltr'>lon-</span> 
     </span>
     <span class='ocr_line' id='line_1_33' title="bbox 70 3414 1133 3498; baseline 0 -19"><span class='ocrx_word' id='word_1_233' title='bbox 70 3417 169 3498; x_wconf 88' lang='lat' dir='ltr'>giore</span> <span class='ocrx_word' id='word_1_234' title='bbox 209 3415 358 3478; x_wconf 86' lang='lat' dir='ltr'>oratione</span> <span class='ocrx_word' id='word_1_235' title='bbox 397 3414 599 3488; x_wconf 87' lang='lat' dir='ltr'>cohortatus,</span> <span class='ocrx_word' id='word_1_236' title='bbox 632 3435 730 3496; x_wconf 90' lang='lat' dir='ltr'>quam</span> <span class='ocrx_word' id='word_1_237' title='bbox 769 3415 818 3477; x_wconf 92' lang='lat' dir='ltr'>uti</span> <span class='ocrx_word' id='word_1_238' title='bbox 857 3437 935 3478; x_wconf 90' lang='lat' dir='ltr'>suae</span> <span class='ocrx_word' id='word_1_239' title='bbox 974 3417 1133 3497; x_wconf 88' lang='lat' dir='ltr'>pristinae</span> 
     </span>
     <span class='ocr_line' id='line_1_34' title="bbox 70 3511 1135 3594; baseline -0.002 -18"><span class='ocrx_word' id='word_1_240' title='bbox 70 3513 212 3577; x_wconf 91' lang='lat' dir='ltr'>virtutis</span> <span class='ocrx_word' id='word_1_241' title='bbox 258 3511 450 3579; x_wconf 88' lang='lat' dir='ltr'>memoriam</span> <span class='ocrx_word' id='word_1_242' title='bbox 497 3512 691 3585; x_wconf 90' lang='lat' dir='ltr'>retinerent,</span> <span class='ocrx_word' id='word_1_243' title='bbox 740 3533 805 3574; x_wconf 91' lang='lat' dir='ltr'>neu</span> <span class='ocrx_word' id='word_1_244' title='bbox 859 3515 1135 3594; x_wconf 89' lang='lat' dir='ltr'>perturbarentur</span> 
     </span>
     <span class='ocr_line' id='line_1_35' title="bbox 72 3607 1133 3692; baseline -0.003 -18"><span class='ocrx_word' id='word_1_245' title='bbox 72 3613 197 3683; x_wconf 89' lang='lat' dir='ltr'>animo,</span> <span class='ocrx_word' id='word_1_246' title='bbox 223 3609 435 3690; x_wconf 87' lang='lat' dir='ltr'>hostiumque</span> <span class='ocrx_word' id='word_1_247' title='bbox 460 3609 619 3690; x_wconf 89' lang='lat' dir='ltr'>impetum</span> <span class='ocrx_word' id='word_1_248' title='bbox 643 3607 777 3672; x_wconf 83' lang='lat' dir='ltr'>fortiter</span> <span class='ocrx_word' id='word_1_249' title='bbox 807 3611 1021 3685; x_wconf 88' lang='lat' dir='ltr'>sustinerent,</span> <span class='ocrx_word' id='word_1_250' title='bbox 1047 3611 1133 3692; x_wconf 93' lang='lat' dir='ltr'>quod</span> 
     </span>
     <span class='ocr_line' id='line_1_36' title="bbox 72 3707 1176 3789; baseline -0.004 -18"><span class='ocrx_word' id='word_1_251' title='bbox 72 3729 143 3771; x_wconf 90' lang='lat' dir='ltr'>non</span> <span class='ocrx_word' id='word_1_252' title='bbox 177 3707 308 3787; x_wconf 91' lang='lat' dir='ltr'>longius</span> <span class='ocrx_word' id='word_1_253' title='bbox 339 3707 453 3769; x_wconf 91' lang='lat' dir='ltr'>hostes</span> <span class='ocrx_word' id='word_1_254' title='bbox 490 3707 627 3768; x_wconf 90' lang='lat' dir='ltr'>aberant</span> <span class='ocrx_word' id='word_1_255' title='bbox 667 3728 764 3788; x_wconf 85' lang='lat' dir='ltr'>quarn</span> <span class='ocrx_word' id='word_1_256' title='bbox 803 3728 867 3789; x_wconf 92' lang='lat' dir='ltr'>quo</span> <span class='ocrx_word' id='word_1_257' title='bbox 907 3709 1009 3770; x_wconf 93' lang='lat' dir='ltr'>telum</span> <span class='ocrx_word' id='word_1_258' title='bbox 1049 3708 1133 3769; x_wconf 89' lang='lat' dir='ltr'>adici</span> <span class='ocrx_word' id='word_1_259' title='bbox 1147 3728 1176 3778; x_wconf 84' lang='lat'>35</span> 
     </span>
     <span class='ocr_line' id='line_1_37' title="bbox 74 3802 1133 3887; baseline -0.003 -23"><span class='ocrx_word' id='word_1_260' title='bbox 74 3813 201 3887; x_wconf 87' lang='lat' dir='ltr'>posset,</span> <span class='ocrx_word' id='word_1_261' title='bbox 227 3803 342 3884; x_wconf 87' lang='lat' dir='ltr'>proelii</span> <span class='ocrx_word' id='word_1_262' title='bbox 374 3803 605 3866; x_wconf 89' lang='lat' dir='ltr'>committendi</span> <span class='ocrx_word' id='word_1_263' title='bbox 631 3804 762 3886; x_wconf 88' lang='lat' dir='ltr'>signum</span> <span class='ocrx_word' id='word_1_264' title='bbox 794 3805 892 3866; x_wconf 89' lang='lat' dir='ltr'>dedit.</span> <span class='ocrx_word' id='word_1_265' title='bbox 939 3802 1076 3884; x_wconf 78' lang='lat' dir='ltr'>³Atque</span> <span class='ocrx_word' id='word_1_266' title='bbox 1100 3803 1133 3862; x_wconf 91' lang='lat' dir='ltr'>in</span> 
     </span>
    </p>
   </div>
   <div class='ocr_carea' id='block_1_3' title="bbox 0 0 1342 4159">
    <p class='ocr_par' dir='ltr' id='par_1_7' title="bbox 0 0 1342 4159">
     <span class='ocr_line' id='line_1_38' title="bbox 0 0 1342 4159; baseline 0 0"><span class='ocrx_word' id='word_1_267' title='bbox 0 0 1342 4159; x_wconf 95' lang='lat' dir='ltr'> </span> 
     </span>
    </p>
   </div>
  </div>
 </body>
</html>
