2667 4159
432 174 552 236 Attacle
574 174 614 256 uf
630 173 683 236 tlte
705 174 883 239 Aduatuci.
1167 191 1202 257 51

144 384 194 446 32.
230 365 287 427 Ad
311 366 394 428 haec
426 362 550 428 Caesar
580 366 773 448 respondit:
798 366 864 431 ‘Se
895 368 1002 451 magis
1027 389 1164 432 consue·

93 465 221 528 tudine
245 483 305 525 sua
336 484 434 546 quam
466 463 586 526 merito
618 484 730 526 eorum
757 464 926 528 civitatem
953 477 1164 529 conservatu-

94 583 185 636 rum,
212 561 240 624 si
265 561 356 642 prius
382 581 480 643 quam
504 581 635 624 murum
660 561 745 624 aries
769 562 938 644 attigisset
963 583 999 626 se
1022 564 1164 627 dedidis-

96 670 201 723 sent:
240 659 297 720 sed
330 657 510 720 deditionis
549 659 674 720 nullam
714 679 789 722 esse
828 660 1059 724 condicionem
1098 661 1163 724 nisi

94 757 206 820 armis
229 755 369 818 traditis.
417 751 485 818 ²Se
510 754 542 817 id
567 757 655 838 quod
679 756 716 818 in
742 757 875 820 Nerviis
899 755 1036 820 iecisset
1060 755 1165 822 factu·
1193 781 1206 834 5

95 876 186 930 rum,
233 853 449 935 finitimisque
496 852 745 934 imperaturum,
779 873 821 917 ne
860 875 957 936 quam
997 854 1163 919 dediticiis

95 950 217 1034 populi
251 950 395 1012 Romani
423 949 579 1031 injuriam
615 947 796 1014 inferrent!
855 951 908 1014 Re
939 952 1092 1014 nuntiata
1122 953 1163 1015 ad

96 1069 192 1122 suoS,
218 1068 302 1129 quae
334 1047 576 1128 imperarentur
609 1044 719 1110 facere
750 1048 912 1112 dixerunt.
960 1046 1162 1112 8Armorum

96 1167 227 1228 magna
250 1143 464 1208 multitudine
487 1145 529 1208 de
553 1163 648 1207 muro
673 1144 706 1206 in
730 1143 864 1220 fossam,
883 1166 967 1255 quae
990 1156 1060 1209 erat
1084 1157 1162 1210 ante

95 1244 272 1326 oppidum,
290 1243 387 1324 jacta,
405 1242 452 1305 sic
477 1251 513 1304 ut
537 1262 640 1324 prope
665 1236 828 1305 summam
854 1244 940 1305 muri
963 1263 1005 1306 atr
983 1244 1162 1327 gerisque
1178 1267 1207 1304 ιο

95 1341 317 1404 altitudinem
356 1339 465 1402 acervi
503 1359 667 1403 armorum
709 1340 942 1422 adaequarent
975 1351 1009 1404 et
1047 1351 1162 1406 tamen

96 1439 238 1503 circiter
268 1447 362 1519 parte
386 1437 493 1510 tertia,
519 1446 555 1500 ut
581 1447 699 1518 postea
726 1447 937 1519 perspectum
968 1449 1031 1515 est,
1056 1440 1163 1504 celata

95 1546 205 1618 atque
229 1535 262 1597 in
287 1535 409 1616 oppido
432 1543 573 1611 retenta,
598 1535 704 1616 portis
729 1533 914 1616 patefactis,
940 1556 981 1600 eo
1004 1537 1058 1600 die
1080 1558 1162 1619 pace

96 1644 184 1697 sunt
202 1632 262 1696 usi.

147 1749 199 1810 33.
234 1728 304 1794 Sub
334 1747 510 1810 vesperum
544 1727 668 1792 Caesar
695 1735 808 1812 portas
840 1729 948 1794 claudi
971 1731 1162 1816 militesque
1177 1754 1205 1808 15

96 1851 142 1898 ex
175 1828 297 1911 oppido
328 1826 416 1890 exire
447 1826 555 1908 jussit,
589 1847 631 1890 ne
662 1847 760 1910 quam
800 1837 901 1891 noctu
932 1829 1090 1910 oppidani
1120 1831 1162 1893 ab

97 1928 269 1990 militibus
299 1925 452 2006 injuriam
484 1925 683 2005 acciperent.
735 1925 797 1999 Illi,
825 1935 903 1989 ante
934 1927 1017 1989 inito
1043 1927 1092 2007 (ut
1116 1927 1162 1990 in-

96 2025 277 2089 tellectum
309 2023 373 2104 est)
407 2021 555 2098 consilio,
588 2022 676 2104 quod
708 2022 879 2086 deditione
908 2019 998 2087 lacta
1028 2035 1162 2088 nostros

97 2121 268 2204 praesidia
298 2121 498 2182 deducturos
529 2129 585 2182 aut
617 2119 761 2202 denique
794 2119 1024 2203 indiligentius
1055 2142 1163 2185 serva-

97 2231 197 2282 turos
229 2217 448 2292 crediderant,
463 2213 654 2297 -2partim
682 2237 757 2279 cum
782 2215 822 2280 iis
846 2238 930 2299 quae
954 2219 1160 2283 retinuerant
1174 2241 1206 2276 20

99 2329 135 2381 et
154 2316 344 2380 celaverant
331 2313 477 2389 tarmis
496 2323 569 2395 part
572 2315 615 2376 im
643 2313 747 2377 scutis
771 2335 812 2378 ex
835 2316 959 2378 cortice
982 2312 1080 2378 iactis
1103 2326 1161 2380 aut

97 2413 285 2478 viminibus
312 2411 459 2488 intextis,
485 2432 569 2493 quae
594 2411 683 2474 subit
672 2422 761 2486 to,u
765 2413 966 2494 ttemporis
997 2413 1160 2494 exiguitas

98 2511 303 2594 postulabat,
343 2509 484 2591 pellibus
524 2509 788 2584 induxerant,—
799 2511 899 2573 tertia
937 2509 1056 2592 vigilia,
1096 2532 1161 2593 qua

100 2609 241 2674 minime
268 2608 388 2670 arduus
412 2607 452 2668 ad
480 2617 612 2670 nostras
648 2606 852 2670 munitiones
883 2628 1043 2670 ascensus
1074 2609 1161 2672 vide-

99 2710 211 2782 batur,
233 2705 389 2767 omnibus
413 2704 516 2785 copiis
540 2704 716 2786 repentino
740 2724 780 2767 ex
803 2705 926 2787 oppido
950 2705 1158 2787 eruptionem
1174 2728 1203 2780 25

97 2803 264 2869 iecerunt.
312 2799 503 2875 3Celeriter,
539 2812 575 2864 ut
606 2811 684 2865 ante
715 2799 838 2864 Caesar
869 2802 1055 2884 imperarat,
1082 2804 1161 2885 igni-

99 2905 164 2966 bus
196 2899 440 2982 signifieatione
464 2897 561 2975 iacta,
588 2919 629 2962 ex
652 2899 811 2981 proximis
835 2899 984 2963 castellis
1015 2921 1054 2963 eo
1086 2922 1160 2964 con-

98 3020 235 3064 cursum
250 3006 311 3073 est,
329 3005 580 3078 pugnatumque
599 2997 639 3059 ab
664 2996 816 3060 hostibus
834 2996 881 3060 ita
901 2997 1022 3061 acriter
1045 3007 1105 3072 est,
1123 3009 1159 3060 ut

98 3119 117 3160 a
148 3096 229 3158 viris
260 3093 444 3157 fortibus
436 3115 469 3156 m
502 3103 652 3156 extrema
683 3114 741 3175 spe
773 3094 870 3157 salut
847 3104 900 3171 t‚1s
933 3095 1046 3177 iniquo
1075 3095 1157 3170 locO,

99 3204 179 3258 cont
182 3214 218 3257 ra
241 3213 299 3256 eos
322 3192 378 3273 qui
403 3213 443 3254 ex
465 3190 589 3253 vallot
576 3191 824 3291 turribusquet
811 3191 909 3255 tela
883 3203 1060 3283 Jaeerent,
1081 3213 1159 3274 pug
1172 3215 1203 3263 30

98 3293 172 3356 nari
203 3289 328 3364 debuit,
305 3299 436 3352 tcum
469 3288 502 3350 in
534 3309 600 3350 una
630 3288 718 3350 virtu
721 3299 754 3351 te
786 3289 894 3352 omnis
933 3309 1010 3370 spes
1041 3290 1138 3352 salut
1115 3300 1158 3352 tis

99 3389 311 3454 consisteret.
365 3383 517 3448 ⁴Occisis
549 3387 588 3447 ad
621 3385 791 3448 hominum
824 3387 957 3448 milibus
989 3397 1068 3468 quat
1072 3397 1156 3462 t,uor

97 3487 217 3570 reliqui
249 3486 282 3547 in
315 3483 471 3564 oppidum
504 3482 622 3564 rejecti
658 3492 744 3545 sunt.
794 3483 957 3546 Postridie
987 3484 1061 3565 ejus
1091 3485 1157 3547 diei

98 3581 252 3648 refractis
284 3581 398 3664 portiS,
433 3600 507 3642 cum
538 3578 604 3661 jam
630 3578 824 3643 defenderet
857 3601 964 3655 nemo,
989 3592 1089 3663 atque
1113 3582 1157 3644 in·

99 3681 264 3745 tromissis
296 3677 457 3740 militibus
489 3677 621 3750 nostris,
648 3678 829 3740 sectionem
856 3679 928 3759 ejus
953 3678 1064 3759 oppidi
1089 3679 1199 3752 uni-35

99 3799 229 3842 versam
255 3776 378 3839 Caesar
401 3773 558 3836 vendidit.
608 3775 663 3835 Ab
689 3775 727 3835 iis
749 3775 804 3856 qui
830 3785 991 3856 emerant,
1009 3777 1154 3855 capitum
