2667 4159
59 183 86 249 Β.
100 190 131 247 G.
144 188 178 245 V.
198 185 253 263 ro]
311 188 377 256 Tlre
390 188 526 256 Britain
540 210 598 256 are
611 141 728 258 driven
746 136 829 262 buci.
1050 214 1091 285 93

58 375 278 456 adaequarunt.
324 368 536 435 ⁵Accessum
562 385 613 436 est
638 373 679 435 ad
708 374 912 439 Britanniam
941 380 1095 447 omnibus

59 475 179 557 navibus
196 473 378 537 meridiano
393 470 463 535 iere
480 482 647 554 ternpore:
671 496 778 557 neque
794 477 828 538 in
844 498 884 539 eo
901 478 971 541 loco
992 482 1095 547 hostis

59 587 100 637 est
113 575 208 648 visus,
221 574 288 648 sed,
306 583 341 635 ut
357 587 473 654 postea
490 573 611 637 Caesar
626 597 666 638 ex
683 578 820 658 captivis
837 583 1002 663 cognovit,
1019 598 1093 647 curn
1176 610 1183 623 ¹

60 697 182 756 magnae
215 695 334 737 manus
370 695 409 736 eo
443 677 685 752 convenissent,
716 681 928 747 multitudine
962 684 1094 747 navium

60 777 245 857 perterritae,
273 795 358 857 quae
389 794 463 837 cum
496 779 665 842 annotinis
697 781 906 866 privatisque,
934 805 1014 867 quas
1045 786 1130 863 suis

60 878 182 959 quisque
198 875 365 939 commodi
383 874 518 951 iecerat,
535 880 675 960 amplius
692 883 903 964 octingentae
920 906 985 948 uno
1003 896 1096 949 erant

60 979 136 1042 visae
160 990 316 1061 ternpore,
335 999 355 1040 a
379 977 474 1041 litore
498 980 720 1043 discesserant
745 1004 782 1046 ac
808 1004 844 1047 se
869 985 903 1047 in
929 986 1098 1067 superiora

60 1081 120 1143 loca
133 1082 334 1145 abdiderant.

95 1200 122 1263 9.
146 1182 276 1256 Caesar,
307 1182 457 1263 exposito
487 1182 633 1246 exercitu
664 1195 697 1245 et
728 1182 800 1247 loco
831 1186 946 1249 castris
979 1187 1098 1251 idoneo

61 1293 152 1363 captu,
180 1282 235 1345 ubi
266 1304 307 1345 ex
337 1283 477 1364 captivis
509 1284 665 1364 cognovit
693 1306 757 1366 quo
789 1286 822 1347 in
850 1285 921 1349 loco
953 1282 1101 1350 hostium
1119 1322 1147 1357 10

62 1385 161 1465 copiae
181 1383 426 1473 consedissent,
437 1384 629 1446 cohortibus
648 1385 760 1447 decem
786 1386 826 1448 ad
852 1408 942 1449 mare
967 1387 1097 1463 relictis,

61 1496 89 1546 et
109 1484 268 1571 equitibus
289 1502 359 1558 cce,
377 1485 432 1567 qui
456 1485 620 1566 praesidio
640 1487 779 1548 navibus
799 1499 919 1562 essent,
936 1489 977 1551 de
1002 1490 1100 1552 tertia

61 1586 161 1665 vigilia
179 1587 219 1648 ad
237 1587 354 1648 hostes
374 1586 656 1659 contendit—eo
677 1587 785 1649 minus
806 1589 931 1651 veritus
952 1590 1098 1664 navibus

63 1687 140 1768 quod
161 1687 193 1749 in
216 1687 311 1750 litore
336 1686 424 1749 molli
447 1697 546 1768 atque
562 1698 677 1767 aperto
701 1687 861 1769 deligatas
878 1690 918 1751 ad
943 1710 1098 1753 ancoram

63 1786 359 1871 relinquebat—et
378 1787 540 1869 praesidio
558 1788 697 1850 navibus
716 1788 755 1871 Q.
774 1789 909 1851 Atrium
930 1788 1097 1871 praefecit.
1121 1822 1148 1875 15

63 1884 158 1969 ²lpse,
176 1901 276 1952 noctu
292 1908 485 1971 progressus
502 1888 592 1950 milia
607 1909 764 1969 passuum
790 1890 921 1953 circiter
944 1909 1002 1965 xri,
1024 1893 1099 1953 hos-

66 1990 136 2051 tium
152 1992 259 2072 copias
279 1987 489 2070 conspicatus
504 1999 565 2051 est.
614 1988 675 2064 llli,
693 1991 840 2073 equitatu
858 2002 958 2073 atque
977 1992 1100 2055 essedis

65 2091 101 2151 ad
117 2088 233 2154 flumen
251 2088 424 2173 progressi,
441 2109 482 2152 ex
500 2088 572 2152 loco
589 2090 758 2171 superiore
776 2102 907 2155 nostros
926 2093 1101 2173 prohibere

66 2201 95 2251 et
105 2190 252 2271 proelium
267 2190 475 2254 committere
490 2201 679 2271 coeperunt.
713 2188 726 2229 ³
740 2191 874 2273 Repulsi
889 2194 930 2255 ab
943 2193 1101 2274 equitatu,

68 2311 96 2353 se
117 2293 146 2353 in
167 2292 263 2354 silvas
288 2291 494 2363 abdiderunt,
512 2290 619 2353 locum
646 2293 758 2354 nancti
779 2294 913 2373 egregie
933 2304 965 2355 et
985 2304 1102 2357 natura
1121 2322 1152 2357 20

68 2403 96 2455 et
115 2414 205 2475 opere
221 2391 396 2465 munitum,
413 2412 509 2474 quem
528 2391 703 2454 domestici
727 2392 803 2455 belli
828 2396 877 2476 (ut
893 2394 1100 2476 videbantur)

68 2512 153 2557 causa
171 2494 236 2577 jam
261 2504 339 2556 ante
362 2504 657 2573 praeparaverant;
682 2513 758 2555 narn
783 2494 907 2556 crebris
932 2495 1103 2558 arboribus

69 2596 189 2659 succisis
205 2616 320 2658 omnes
336 2594 489 2657 introitus
512 2604 607 2656 erant
631 2594 801 2673 praeclusi.
847 2592 938 2675 4ipsi
956 2616 996 2657 ex
1012 2595 1102 2659 silvis

68 2696 122 2758 rari
143 2697 401 2781 propugnabant,
421 2706 617 2775 nostrosque
641 2694 728 2756 intra
750 2694 950 2758 munitiones
976 2696 1104 2777 ingredi

69 2799 281 2876 prohibebant.
333 2795 383 2860 At
413 2796 533 2857 milites
564 2794 704 2877 legionis
737 2795 905 2875 septimae,
938 2798 1104 2860 testudine
1124 2824 1154 2877 25

69 2894 143 2961 lacta
164 2913 195 2965 et
217 2920 338 2982 aggere
361 2898 406 2960 ad'
427 2897 629 2959 munitiones
652 2896 793 2977 adjectu,
811 2896 920 2959 locum
945 2910 1104 2978 ceperunt

70 3017 178 3083 eosque
199 3024 239 3066 ex
263 3002 355 3064 silvis
379 2999 584 3081 expulerunt,
602 2999 717 3080 paucis
735 2997 925 3059 vulneribus
949 2998 1103 3079 acceptis,

70 3093 145 3163 ⁵Sed
168 3126 221 3167 eos
247 3102 413 3185 fugientes
444 3101 575 3182 longius
605 3099 728 3163 Caesar
752 3098 906 3180 prosequi
930 3099 1043 3172 vetuit,
1072 3110 1105 3163 et

71 3204 145 3281 quod
167 3204 226 3267 loci
250 3216 400 3267 naturam
425 3204 607 3284 ignorabat,
623 3213 656 3265 et
674 3201 772 3284 quod,
790 3220 910 3281 magna
932 3212 1023 3281 parte
1041 3200 1105 3263 diei

71 3319 259 3388 consumpta,
271 3305 445 3368 munitioni
460 3315 639 3368 castrorum
658 3316 789 3385 tempus
808 3301 947 3383 relinqui
964 3302 1103 3365 volebat.
1126 3324 1157 3378 50

112 3423 154 3468 ro.
177 3406 337 3470 Postridie
359 3406 434 3487 ejus
458 3407 534 3480 diei,
554 3428 660 3480 mane,
681 3404 844 3486 tripartito
871 3402 992 3465 milites
1017 3402 1106 3483 equi·
1195 3400 1198 3408 ’

73 3511 174 3587 tesque
195 3510 227 3571 in
245 3506 489 3589 expeditionem
506 3507 604 3580 misit,
623 3518 659 3569 ut
675 3528 731 3569 eos
749 3507 805 3589 qui
822 3503 976 3586 sugerunt
1000 3524 1107 3584 perse·

74 3622 241 3683 querentur.
280 3606 368 3671 ²His
381 3608 586 3691 aliquantum
601 3608 727 3671 itineris
745 3608 935 3690 progressis,
948 3626 1022 3668 cunr
1038 3605 1105 3686 jam

73 3710 193 3773 extremi
223 3720 336 3773 essent
369 3710 402 3773 in
435 3722 621 3791 prospectu,
652 3710 780 3792 equites
813 3731 831 3771 a
864 3708 903 3790 Q.
937 3706 1035 3768 Atrio
1067 3706 1107 3767 ad

75 3800 233 3874 Caesarem
270 3820 441 3883 venerunt,
476 3810 531 3891 qui
566 3810 759 3872 nuntiarent
796 3808 964 3888 superiore
1000 3816 1105 3877 nocte,
1126 3823 1157 3874 35

74 3909 200 3975 maxima
220 3912 334 3974 coiirta
357 3921 563 3992 tempestate,
581 3930 681 3990 prope
706 3929 820 3970 omnes
846 3926 945 3966 naves
967 3902 1105 3964 afflictas
