2667 4159
524 203 590 264 Τίτε
611 203 793 264 Helvetian
820 202 902 265 War.
1144 217 1270 288 [Cassa

205 397 344 458 ducibus
370 395 426 477 qui
450 395 515 457 iter
538 403 777 474 cognoverant,
802 413 969 456 summum
996 393 1114 476 jugum
1141 396 1269 459 montis

205 494 387 556 ascendere
418 492 534 574 jubet;
565 491 644 572 quid
669 491 720 553 sui
746 491 876 554 consilii
907 491 951 554 sit
980 494 1137 556 ostendit.
1187 493 1268 574 lpse

206 592 247 654 de
271 601 389 673 quarta
412 589 526 671 vigilia
549 590 666 652 eodem
692 589 822 664 itinere,
848 610 913 671 quo
937 590 1053 653 hostes
1080 591 1198 678 ierant,
1225 593 1267 653 ad

205 709 263 751 eos
280 688 464 762 contendit,
483 687 737 768 equitatumque
754 707 887 749 omnem
905 696 985 749 ante
1002 707 1038 750 se
1051 687 1165 751 mittit.
1211 684 1267 752 8Ρ.

180 786 398 861 5C0nsidiuS,
424 785 480 866 qui
505 784 552 848 rei
576 783 730 846 militaris
758 775 983 866 peritissimus
1012 785 1207 860 habebatur,
1233 795 1269 849 et

206 884 239 944 in
263 884 411 946 exercitu
429 883 466 946 L.
486 882 598 945 Sullae
615 892 648 945 et
666 881 834 968 posteaxin
852 881 898 946 M.
918 880 1032 945 Crassi
1050 879 1170 959 fuerat,
1189 903 1268 946 cum

206 981 471 1062 exploratoribus
487 979 721 1062 praemittitur.

250 1097 299 1141 22.
333 1079 442 1141 Prima
460 1079 544 1152 luce,
562 1097 637 1140 curn
663 1097 814 1140 summus
837 1097 934 1140 mons
957 1096 978 1140 a
1000 1075 1151 1141 Labieno
1175 1088 1272 1142 tene-

206 1186 306 1251 retur,
339 1175 411 1257 ipse
443 1175 484 1238 ab
516 1174 666 1237 hostium
699 1175 817 1238 castris
849 1195 917 1237 non
948 1174 1081 1257 longius
1112 1175 1204 1238 mille
1232 1188 1270 1240 et

165 1296 194 1330 ιο
206 1273 400 1354 quingentis
423 1272 577 1354 passibus
601 1272 745 1348 abesset,
764 1292 882 1354 neque,
899 1281 936 1334 ut
961 1282 1079 1354 postea
1102 1291 1144 1336 ex
1166 1274 1272 1354 capti-

206 1371 256 1432 vis
273 1371 443 1451 comperit,
461 1379 519 1432 aut
543 1370 648 1451 ipsius
673 1371 838 1433 adventus
862 1379 918 1432 aut
944 1367 1086 1433 Labieni
1109 1371 1271 1452 cognitus

207 1477 306 1543 esset,
333 1467 513 1530 Considius
536 1487 623 1549 equo
646 1468 793 1530 admisso
817 1467 858 1529 ad
882 1486 958 1530 eum
981 1466 1143 1544 accurrit;
1164 1464 1271 1531 ²dicit

207 1575 365 1640 montem,
394 1585 493 1647 quem
524 1585 544 1628 a
576 1564 727 1628 Labieno
758 1563 913 1647 occupari
943 1563 1095 1639 voluerit,
1120 1565 1163 1628 ab
1193 1565 1273 1628 hos-

207 1663 296 1724 tibus
324 1661 453 1739 teneri;
486 1662 519 1724 id
545 1681 581 1724 se
606 1681 626 1724 a
653 1661 791 1724 Gallicis
817 1663 920 1724 armis
946 1671 1048 1744 atque
1075 1661 1270 1744 insignibus

166 1760 416 1841 15cognovisse.
474 1758 598 1822 Caesar
625 1779 703 1822 suas
730 1758 844 1841 copias
871 1759 906 1822 in
933 1759 1119 1842 proximum
1147 1758 1269 1823 collem

153 1873 155 1878 ’
207 1857 372 1933 subducit,
401 1857 506 1919 aciem
534 1856 679 1921 instruit.
726 1853 931 1930 ³Labienus,
959 1866 996 1919 ut
1024 1866 1096 1920 erat
1124 1857 1154 1919 ei
1178 1877 1272 1938 prae-

207 1965 341 2035 ceptum
366 1974 386 2017 a
406 1954 558 2030 Caesare,
576 1972 620 2017 ne
635 1954 800 2037 proelium
817 1954 1054 2027 committeret,
1073 1954 1138 2017 nisi
1161 1954 1270 2036 ipsius

207 2051 322 2133 copiae
350 2071 453 2133 prope
481 2051 628 2114 hostium
653 2061 764 2115 castra
785 2052 877 2114 visae
904 2061 1029 2127 essent,
1055 2060 1091 2115 ut
1119 2051 1270 2135 undique

208 2169 273 2212 uno
297 2160 448 2230 ternpore
471 2148 506 2211 in
530 2149 647 2212 hostes
670 2149 816 2231 impetus
839 2149 945 2224 lieret,
963 2158 1079 2214 monte
1102 2159 1271 2234 occupato
1328 2230 1329 2239 ἵ

165 2269 196 2303 20
208 2257 341 2309 nostros
377 2247 604 2328 exspectabat,
638 2246 832 2330 proelioque
867 2246 1068 2312 abstinebat.
1130 2244 1271 2310 *Multo

207 2345 350 2426 denique
374 2344 428 2407 die
451 2364 510 2425 per
533 2344 760 2426 exploratores
785 2344 910 2408 Caesar
932 2346 1090 2428 cognovit
1114 2355 1148 2410 et
1176 2366 1272 2410 mon-

207 2452 275 2504 tem
299 2462 318 2503 a
342 2441 410 2504 suis
427 2441 544 2517 teneri,
562 2451 596 2504 et
615 2441 794 2506 Helvetios
818 2452 928 2507 castra
952 2444 1106 2520 movisse,
1123 2453 1157 2509 et
1182 2442 1273 2508 Con-

208 2540 339 2612 sidium,
356 2539 477 2603 timore
500 2538 724 2620 perterritum,
745 2540 833 2622 quod
857 2561 924 2604 non
948 2541 1088 2606 vidisset
1111 2541 1269 2625 proviso

207 2636 270 2698 sibi
305 2637 524 2700 renuntiasse.
582 2635 634 2699 Eo
667 2637 732 2713 die,
764 2658 830 2720 quo
866 2648 1044 2703 consuerat
1081 2639 1268 2716 intervallo

164 2756 192 2808 25
208 2735 323 2796 hostes
349 2733 506 2815 sequitur,
524 2743 559 2796 et
583 2733 676 2798 milia
697 2755 857 2818 passuum
874 2734 937 2800 tria
952 2737 994 2800 ab
1010 2756 1123 2801 eorum
1147 2737 1269 2800 castris

206 2841 317 2894 castra
332 2831 437 2911 ponit.

250 2945 299 3008 23.
334 2927 498 2991 Postridie
522 2929 595 3011 ejus
619 2929 695 3005 diei,
720 2932 808 3014 quod
833 2931 970 2996 omnino
993 2931 1131 2995 biduum
1156 2951 1269 3014 super-

206 3036 286 3102 erat,
321 3045 396 3090 cum
431 3026 593 3089 exercitui
630 3024 837 3091 frumentum
874 3028 985 3091 metiri
1021 3038 1200 3111 oporteret,
1233 3039 1268 3092 et

206 3125 293 3206 quod
317 3144 337 3187 a
361 3124 526 3200 Bibracte,
551 3124 673 3206 oppido
699 3124 917 3189 Haeduorum
940 3126 1041 3209 longe
1064 3126 1209 3189 maximo
1233 3136 1268 3189 et

163 3221 447 3303 3ocopi0sissim0,
475 3241 542 3283 non
567 3221 710 3304 amplius
738 3222 872 3286 milibus
902 3243 1062 3306 passuum
1092 3241 1182 3285 xvur
1215 3223 1269 3285 ab·
1324 3273 1326 3281 .

206 3328 286 3393 erat,
312 3317 360 3381 rei
382 3315 621 3382 frumentariae
646 3318 917 3401 prospiciendum
943 3319 1171 3384 existimavit:
1203 3319 1269 3382 iter

205 3418 247 3478 ab
277 3415 446 3479 Helvetiis
474 3416 605 3492 avertit,
635 3437 674 3480 ac
703 3415 858 3481 Bibracte
885 3417 934 3482 ire
962 3417 1146 3481 contendit.
1193 3413 1269 3479 ²Ea

206 3533 259 3577 res
283 3533 343 3595 per
365 3510 525 3595 fugitivos
551 3514 587 3577 L.
608 3513 756 3588 Aemilii,
774 3514 964 3578 decurionis
990 3513 1139 3597 equitum
1159 3512 1270 3578 Gallo·
1323 3526 1325 3531 ·

206 3632 288 3686 rum,
317 3611 470 3673 hostibus
489 3605 681 3675 nuntiatur.
729 3609 910 3688 ³Helvetii,
940 3633 1000 3675 seu
1028 3612 1115 3694 quod
1147 3612 1269 3674 timore

163 3729 192 3782 35
205 3708 401 3791 perterritos
434 3708 605 3771 Romanos
637 3709 810 3772 discedere
842 3731 861 3773 a
891 3731 927 3774 se
955 3709 1196 3784 existimarent,
1227 3730 1268 3772 eo
1322 3739 1324 3775 ι

207 3806 313 3886 magis
341 3805 428 3887 quod
457 3805 571 3885 pridie,
601 3806 828 3888 superioribus
855 3806 938 3870 locis
966 3805 1148 3886 occupatis
1176 3826 1271 3888 proe-
1321 3844 1322 3863 r
