2667 4159
256 155 259 163 .
973 119 986 178 l

76 230 104 279 Β.
118 230 152 281 G.
167 230 216 281 tv.
230 230 290 299 29.]
317 215 458 297 Cavalry
486 216 678 299 Transports
700 216 816 279 driven
841 215 928 280 back.
935 86 1043 297 (si
1056 255 1070 298 ,¹

72 406 182 469 cosin
205 405 316 489 lugam
341 408 527 483 dederunt;
551 428 659 490 neque
684 407 815 489 longius
839 408 993 491 prosequi
1010 418 1124 491 potue-

73 512 153 577 runt,
170 506 255 586 quod
273 506 404 587 equites
426 526 558 568 cursum
578 514 695 568 tenere
719 514 819 587 atque
841 505 981 568 insulam
1005 526 1123 588 capere

72 622 133 663 non
164 611 352 682 potuerant.
412 603 489 665 Hoc
519 623 622 665 unum
660 603 701 665 ad
740 602 915 683 pristinam
954 600 1122 669 iortunam

72 698 201 761 Caesari
215 696 330 763 deluit.

82 768 168 903 Ξ
194 797 322 860 Hostes
346 798 472 879 proelio
497 797 653 879 superati,
677 797 897 879 simulatque
922 819 958 862 se
981 819 1022 862 ex
1044 798 1123 883 iuga
1152 823 1165 875 5

69 903 271 975 receperunt,
296 895 412 958 statim
435 896 477 957 ad
502 895 679 958 Caesarem
705 894 835 976 legatos
858 896 899 958 de
923 916 1004 977 pace
1028 898 1124 961 mise·
1179 957 1193 983 s
1231 942 1251 967 a

70 999 164 1066 runt;
201 988 336 1055 obsides
374 993 510 1055 daturos
548 1012 699 1074 quaeque
738 991 934 1074 imperasset
973 991 1122 1059 facturos
1167 999 1191 1131 p

68 1108 139 1150 esse
169 1089 310 1169 polliciti
342 1100 429 1154 sunt.
493 1088 572 1154 Una
602 1109 679 1153 cum
714 1089 765 1153 bis
796 1090 916 1173 legatis
949 1091 1122 1156 Commius

69 1184 211 1248 Atrebas
234 1206 275 1254 ve
303 1186 338 1261 it,
356 1207 454 1268 quem
478 1206 579 1268 supra
602 1188 910 1251 demonstraveram
935 1210 954 1251 a
979 1190 1122 1254 Caesare

69 1282 99 1343 in
126 1282 299 1347 Britannia
366 1284 594 1367 praemissum.
648 1281 777 1348 2Hunc
802 1285 890 1349 illie
915 1287 990 1349 navi
1015 1296 1168 1372 egres-10

69 1400 147 1455 sum,
180 1400 255 1443 cum
294 1382 336 1443 ad
373 1401 431 1445 eos
470 1383 612 1445 oratoris
650 1384 751 1445 modo
782 1383 935 1446 Caesaris
966 1404 1020 1445 ma
1046 1386 1064 1446 d
1086 1407 1123 1448 =a

69 1474 220 1554 deferret,
258 1480 581 1559 comprehenderant
614 1490 715 1562 atque
747 1481 779 1542 in
811 1481 944 1544 vincula
974 1382 1091 1653 cqiiec

69 1584 157 1637 rant:
193 1584 275 1650 tum,
307 1577 433 1657 proelio
463 1575 562 1651 facto,
595 1578 795 1640 remiserunt
811 1599 818 1652 ;
849 1589 882 1641 et
914 1579 947 1640 in
979 1580 1134 1661 ptenda·

67 1691 144 1751 pace
181 1672 255 1754 ejus
293 1673 341 1736 rei
379 1676 509 1756 culpam
540 1675 575 1737 in
612 1675 860 1738 multitudinem
899 1676 1122 1753 contulerunt,

71 1779 102 1831 et
131 1780 268 1852 propter
300 1771 560 1854 imprudentiam
593 1781 628 1835 ut
660 1772 890 1854 ignosceretur
920 1774 1122 1854 petiverunt.
1139 1779 1166 1849 ις’

69 1864 213 1931 ³Caesar
250 1880 400 1952 questus,
440 1871 537 1953 quod,
580 1890 655 1933 eum
696 1870 783 1933 ultro
821 1870 854 1932 in
893 1872 1123 1934 continentem

70 1964 185 2046 legatis
203 1967 316 2030 missis
337 1988 453 2050 pacem
474 1967 517 2030 ab
536 1987 572 2030 se
593 1967 766 2048 petissent,
784 1967 908 2030 bellum
933 1968 1005 2030 sine
1025 1990 1125 2032 causa

70 2061 268 2139 intulissent,
309 2064 484 2146 ignoscere
522 2065 764 2145 imprudentiae
799 2064 892 2139 dixit,
925 2066 1123 2148 obsidesque

73 2160 266 2242 imperavit;
289 2184 429 2245 quorum
446 2162 493 2225 illi
512 2172 639 2244 partem
663 2162 778 2224 statim
802 2163 977 2237 dederunt,
995 2173 1123 2245 partem

23 2247 26 2260 ’
70 2278 107 2320 ex
128 2256 418 2344 longinquioribus
441 2259 522 2324 locis
546 2260 739 2323 arcessitam
763 2259 876 2341 paucis
899 2260 1018 2324 diebus
1050 2281 1124 2323 sese
1137 2285 1169 2319 20

21 2387 24 2442 p
69 2357 200 2421 daturos
232 2358 397 2423 dixerunt.
457 2357 614 2420 4Interea
645 2377 723 2419 suos
754 2357 933 2438 remigrare
961 2358 994 2419 in
1026 2378 1123 2440 agros

68 2451 244 2532 jusserunt,
280 2456 516 2538 principesque
547 2454 694 2536 undique
717 2455 906 2528 convenire,
930 2465 964 2517 et
989 2476 1025 2519 se
1049 2456 1124 2519 civi-

69 2561 217 2637 tatesque
234 2574 311 2617 suas
332 2553 467 2617 Caesari
483 2553 716 2623 commendare
733 2563 923 2633 coeperunt.

38 2677 44 2686 ⁴
108 2654 156 2715 28.
192 2649 381 2747 lplisrebus
404 2670 486 2733 pace
517 2650 724 2723 confirmata,
749 2659 825 2729 post
849 2650 937 2712 diem
969 2661 1122 2732 quartum

22 2797 29 2842 q
69 2766 159 2827 quam
179 2760 233 2812 est
258 2749 291 2811 in
316 2748 522 2811 Britanniam
533 2755 686 2836 pentum,
705 2766 806 2821 paves
828 2766 925 2820 xvm,
944 2748 984 2809 de
1004 2748 1122 2829 quibus
1137 2770 1166 2822 25

69 2862 162 2925 supra
185 2847 454 2909 demonstratum
485 2856 547 2919 est,
560 2838 656 2925 quae
680 2844 812 2926 equites
836 2844 1051 2919 sustulerant,
1084 2866 1123 2907 ex

30 2965 33 2978 ¹
70 2944 233 3023 superiore
269 2953 367 3025 portu
406 2942 474 3005 leni
513 2950 616 3004 vento
627 2941 832 3015 ,solverunt
895 2938 1013 3022 ²Quae
1048 2963 1122 3005 cum

24 3027 31 3116 l
69 3038 367 3123 adpropinquarent
406 3039 597 3103 Britanniae
636 3049 668 3101 et
700 3058 741 3100 ex
770 3038 888 3101 castris
919 3038 1121 3114 viderentur,

22 3135 25 3170 l
69 3143 156 3200 tanta
179 3148 364 3220 tempestas
389 3138 500 3201 subito
525 3144 638 3200 coorta
662 3145 724 3211 est,
743 3145 778 3198 ut
803 3135 894 3197 nulla
917 3155 1028 3198 earum
1053 3157 1122 3199 cur-

23 3291 29 3308 ,
70 3251 137 3295 sum
160 3245 278 3299 tenere
308 3245 442 3316 posset3
467 3236 525 3297 sed
549 3234 633 3296 aliae
665 3234 792 3307 eodem,
818 3232 907 3295 unde
934 3244 1028 3295 erant
1051 3254 1167 3314 pro-30

70 3326 181 3408 lectae,
205 3329 419 3407 referrentur,
443 3332 526 3394 aliae
549 3332 591 3393 ad
614 3328 806 3393 inferiorem
831 3339 958 3409 partem
983 3331 1120 3408 insulae,

71 3438 215 3506 quaeest
232 3429 367 3511 propius
389 3430 468 3491 solis
492 3447 656 3503 occasum,
675 3446 797 3509 magno
814 3427 865 3489 sui
882 3447 957 3490 cum
974 3429 1121 3508 periculo

73 3523 296 3603 deicerentur;
319 3547 402 3609 quae
425 3537 549 3601 tamen,
574 3525 705 3587 ancoris
729 3524 838 3605 jactis,
864 3544 939 3586 cum
964 3524 1125 3607 fluentis

74 3623 320 3703 complerentur,
345 3624 535 3688 necessario
566 3624 705 3685 adversa
735 3631 834 3684 nocte
866 3621 899 3683 in
923 3622 1026 3684 altum
1051 3643 1123 3702 pro·
1195 3688 1199 3695 ,

76 3728 181 3783 vectae
198 3722 427 3785 continentem
444 3721 621 3885 p'eq'grunt.
1135 3742 1164 3791 33

115 3834 159 3901 29.
191 3819 318 3884 Eadem
342 3829 441 3885 nocte
473 3818 594 3920 a'idit
625 3829 660 3885 ut
695 3827 784 3885 esset
815 3818 895 3883 luna
925 3815 1032 3901 plena,
1066 3816 1121 3902 qui
