2667 4159
85 204 112 257 B.
125 205 158 258 G.
173 202 224 257 ΙΙΙ.
241 204 284 274 5.]
329 180 471 273 Dosence
493 188 532 271 off
549 187 601 251 tlte
622 186 754 250 Roman
780 186 945 251 Garrzlron.
1143 202 1179 269 55

81 381 258 465 provisum,
288 382 377 463 quod
409 380 579 444 deditione
605 378 703 444 facta.
724 380 961 463 obsidibusque
992 381 1139 463 acceptis

81 480 160 543 nihil
177 482 218 543 de
235 479 325 543 bello
342 480 530 542 timendum
552 478 808 553 existimaverat,
827 479 966 542 consilio
986 479 1139 543 celeriter

81 588 273 652 convocato,
300 576 489 639 sententias
515 576 688 657 exquirere
713 576 830 657 coepit.
877 573 978 659 ²Qu0
1004 577 1037 639 in
1064 597 1139 639 con-

81 676 162 752 sili0,
182 696 257 738 cum
282 684 415 737 tantum
440 673 607 755 repentini
631 673 769 755 periculi
793 684 925 755 praeter
947 674 1137 755 opinionem

79 773 267 847 accidisset,
299 793 339 835 ac
368 771 437 853 jam
469 771 579 833 omnia
604 768 675 833 fere
700 771 872 853 superiora
895 772 968 835 loca
992 772 1139 834 multitu·
1168 796 1181 847 5

79 871 155 934 dine
187 880 391 933 armatorum
423 869 591 950 completa
621 869 903 950 conspicerentur,
933 889 1040 950 neque
1065 871 1140 932 sub-

79 968 163 1035 sidio
193 968 300 1031 veniri
332 986 441 1050 neque
475 976 683 1030 commeatus
718 966 908 1048 supportari
947 967 1137 1030 interclusis

32 1054 35 1059 ¹
78 1066 256 1129 itineribus
284 1074 434 1146 possent,
459 1061 586 1146 ³prope
613 1064 681 1145 jam
708 1064 886 1146 desperata
913 1063 1029 1138 salute,
1059 1084 1139 1126 non·

78 1164 189 1226 nullae
228 1162 419 1245 hujusmodi
458 1162 646 1225 sententiae
685 1161 888 1236 dicebantur,
929 1170 965 1224 ut
1004 1162 1139 1243 impedi-

77 1261 203 1324 mentis
220 1260 356 1335 relictiS,
374 1260 550 1341 eruptione
569 1256 668 1334 facta,
686 1258 790 1321 isdem
817 1258 992 1322 itineribus
1017 1260 1136 1341 quibus
1153 1284 1181 1319 ιο

77 1379 118 1421 eo
153 1358 398 1440 pervenissent,
430 1358 471 1418 ad
509 1355 652 1419 salutem
692 1356 945 1419 contenderent.
990 1354 1137 1438 ⁴Maj0ri

78 1466 193 1518 tamen
221 1454 308 1537 parti
332 1454 466 1536 placuit,
496 1454 559 1516 hoc
587 1462 757 1517 reservato
784 1454 824 1516 ad
852 1464 1036 1517 extremum
1063 1474 1139 1517 con-

78 1554 163 1630 sili0,
180 1552 317 1615 interim
334 1552 383 1615 rei
399 1562 557 1615 eventum
575 1551 725 1634 experiri,
742 1561 775 1613 et
794 1561 903 1614 castra
913 1552 960 1614 de
1020 1552 1105 1615 dere.

121 1671 152 1731 4.
179 1650 279 1713 Brevi
297 1649 406 1731 spatio
430 1647 618 1730 interjecta,
635 1648 690 1710 vix
712 1658 748 1710 ut
772 1649 812 1710 iis
835 1649 934 1712 rebus
958 1669 1040 1731 quas
1105 1671 1138 1712 n-

78 1749 273 1812 stituissent
304 1746 518 1811 conlocandis
556 1756 657 1829 atque
695 1746 966 1809 administrandis
1004 1755 1118 1828 tempu
1154 1771 1180 1822 15

77 1849 223 1921 daretur,
242 1846 358 1909 hostes
381 1864 422 1908 ex
446 1844 601 1907 omnibus
627 1844 779 1926 partibus
803 1844 899 1925 signo
922 1844 1000 1906 dato
1027 1845 1139 1908 decur-

71 1955 163 2021 rere,
195 1944 322 2025 lapides
360 1961 526 2025 gaesaque
557 1941 591 2004 in
629 1941 752 2004 vallum
791 1941 951 2005 conicere.
997 1938 1138 2006 ²Nostri

79 2043 187 2124 primo
211 2041 352 2123 integris
375 2040 502 2103 viribus
525 2036 659 2103 fortiter
682 2051 1010 2122 repugnare,‘neque
1034 2039 1137 2112 ullum

78 2139 204 2204 frustra
234 2140 340 2203 telum
371 2159 412 2201 ex
440 2137 514 2201 loco
545 2138 715 2219 superlore
745 2137 889 2213 mittere,
920 2149 956 2202 ut
988 2161 1137 2224 quaeque

80 2260 155 2321 pars
187 2248 372 2301 castrorum
401 2236 525 2299 nudata
555 2233 786 2298 defensoribus
812 2236 923 2319 premi
953 2238 1183 2314 videbatur,20

79 2357 119 2400 eo
136 2357 312 2410 occurrere
330 2346 363 2400 et
387 2336 545 2399 auxilium
567 2335 654 2401 ferre
667 2359 675 2414 ;
698 2338 757 2401 sed
780 2338 843 2402 hoc
867 2337 1024 2421 superari,
1050 2338 1137 2420 quod

78 2435 301 2498 diuturnitate
325 2454 458 2516 pugnae
481 2436 595 2498 hostes
619 2432 742 2498 defessi
766 2435 891 2517 proelio
921 2437 1137 2509 excedebant,

78 2533 134 2595 alii
167 2532 309 2616 integris
340 2532 465 2595 viribus
503 2532 749 2597 succedebant:
779 2529 938 2615 3quarum
978 2553 1086 2597 rerum
1119 2554 1139 2595 a

78 2631 206 2695 nostris
233 2640 371 2713 propter
397 2630 598 2713 paucitatem
627 2629 698 2693 fieri
727 2630 809 2693 nihil
836 2641 977 2713 poterat,
1005 2652 1043 2696 ac
1071 2652 1137 2694 non

78 2729 180 2792 modo
203 2728 338 2793 defesso
362 2748 539 2811 expugna
569 2729 762 2805 excedendi,
786 2729 845 2791 sed
870 2749 912 2793 ne
936 2731 1047 2793 saucio
1071 2729 1181 2812 qui-25

78 2828 156 2890 dem
196 2826 271 2909 ejus
309 2825 382 2901 loci,
423 2826 479 2889 ubi
517 2826 724 2902 constiterat,
765 2826 972 2911 relinquendi
1010 2848 1048 2891 ac
1087 2827 1138 2889 sui

78 2924 265 3007 recipiendi
287 2921 430 2987 facultas
447 2924 595 2988 dabatur.

125 3036 153 3102 5.
182 3023 268 3086 Cum
294 3022 362 3103 jam
390 3021 533 3104 amplius
558 3019 648 3084 horis
681 3040 742 3084 sex
772 3021 987 3085 continenter
1016 3042 1140 3104 pugna-

79 3130 182 3196 retur,
199 3140 239 3184 ac
257 3139 323 3182 non
342 3118 448 3182 solum
466 3119 554 3183 vires
571 3119 630 3182 sed
651 3118 752 3181 etiam
774 3118 842 3182 tela
865 3131 999 3182 nostros
1022 3120 1132 3182 defice.

80 3229 165 3292 rent,
189 3227 293 3299 atque
324 3218 440 3279 hostes
471 3217 579 3280 acrius
611 3216 787 3289 instarent,
812 3216 1138 3299 languidioribusque
1153 3238 1184 3287 30

80 3316 205 3380 nostris
229 3314 352 3377 vallum
378 3314 530 3378 scindere
557 3324 589 3377 et
615 3311 723 3378 fossas
747 3315 914 3395 complere
938 3315 1137 3396 coepissent,

81 3434 200 3496 resque
233 3423 324 3475 esset
355 3411 421 3493 jam
449 3412 490 3476 ad
520 3421 705 3475 extremum
737 3412 898 3492 perducta
928 3432 1052 3487 casum,
1079 3409 1137 3475 2Ρ.

83 3510 218 3575 Sextius
251 3508 404 3584 Baculus,
437 3509 534 3591 primi
565 3510 622 3591 pili
664 3510 823 3582 centurio,
857 3530 955 3591 quem
996 3510 1139 3573 Nervico

83 3609 205 3689 proelio
235 3607 463 3689 compluribus
489 3604 680 3670 confectum
708 3606 902 3670 vulneribus
927 3607 1078 3680 diximus,
1106 3617 1139 3670 et

84 3705 161 3769 item
180 3706 287 3769 Gaius
311 3704 513 3779 Volusenus
533 3705 686 3767 tribunus
712 3704 863 3778 militum,
881 3705 931 3765 vir
954 3715 987 3767 et
1012 3704 1141 3767 consilii
1154 3728 1182 3777 35

87 3804 193 3887 magni
218 3813 253 3867 et
278 3802 422 3879 virtutis,
447 3802 488 3864 ad
521 3801 660 3863 Galbam
693 3802 881 3874 adcurrunt,
907 3811 1008 3882 atque
1039 3821 1137 3862 unam
