2667 4159
34 141 36 207 i
82 236 112 287 Β,
125 236 158 288 G,
175 236 222 288 ιν,
237 238 273 305 5,]
338 222 403 283 lee
430 221 590 284 Germana
612 240 698 281 crass
720 220 772 281 tlte
794 220 912 283 Rhene.
1136 238 1173 304 71

31 422 201 494 „partem
242 415 426 477 succedunt
467 411 557 487 Ubii,
591 432 730 493 quorum
769 407 832 473 fuit
865 412 982 475 civitas
1020 414 1130 496 ampla

79 520 173 593 atque
204 511 336 585 florens,
368 520 403 573 ut
435 519 486 572 est
519 518 637 591 captus
675 508 928 584 Germanorum,
961 519 995 573 et
1034 513 1132 592 paulo

81 606 200 690 [quam]
226 618 304 670 sunt
328 607 478 689 ejusdem
504 606 639 689 generis
665 605 728 688 [et]
755 607 876 669 ceteris
907 608 1130 686 humaniores,

79 714 248 785 propterea
271 706 358 787 quod
384 706 541 767 Rhenum
566 703 747 785 attingunt,
775 704 984 787 multumque
1007 708 1048 768 ad
1073 728 1131 771 eos

79 811 276 865 mercatores
307 802 486 876 ventitant,
519 809 552 864 et
583 800 646 882 ipsi
681 810 817 882 propter
847 803 1130 885 propinquitatem
1162 828 1174 878 5

80 899 190 982 [quod]
223 900 360 963 Gallicis
393 908 472 962 sunt
503 898 653 961 moribus
684 895 878 962 adsuefacti.
925 897 1023 964 8Hos
1056 923 1130 965 cum

79 996 184 1071 Suevi,
217 998 331 1060 multis
370 1016 469 1078 saepe
508 996 605 1059 bellis
643 997 781 1076 experti,
815 1008 952 1079 propter
982 1000 1133 1080 amplitu-

75 1089 180 1153 dinem
220 1092 487 1174 gravitatemque
524 1092 670 1156 civitatis
709 1094 831 1156 finibus
863 1093 1027 1175 expellere
1059 1116 1126 1159 non

74 1187 269 1266 potuissent,
300 1197 413 1250 tamen
444 1190 625 1271 vectigales
657 1190 720 1252 sibi
758 1187 920 1265 iecerunt,
952 1211 990 1255 ac
1021 1194 1127 1256 multo

73 1284 263 1348 humiliores
287 1285 552 1368 infirmioresque
576 1282 786 1368 redegerunt.
1142 1314 1172 1349 10

111 1401 139 1461 4
178 1383 221 1445 In
252 1382 368 1445 eadem
400 1404 500 1446 causa
529 1384 665 1447 fuerunt
699 1383 860 1465 Usipetes
893 1394 926 1447 et
958 1386 1125 1465 Tencteri,

71 1499 148 1561 quos
180 1500 282 1561 supra
312 1479 464 1556 diximus,
496 1481 552 1563 qui
583 1481 772 1562 complures
803 1501 908 1545 annos
941 1482 1126 1548 Suevorum

70 1578 132 1640 vim
160 1578 415 1656 sustinuerunt;
449 1580 490 1641 ad
518 1589 703 1642 extremum
731 1588 854 1654 tamen,
883 1580 971 1661 agris
999 1583 1126 1665 expulsi

70 1687 100 1738 et
131 1677 249 1740 multis
280 1676 361 1739 locis
387 1676 585 1740 Germaniae
613 1677 794 1739 triennium
822 1678 944 1759 vagati,
970 1679 1011 1741 ad
1040 1680 1127 1743 Rhe·

69 1796 144 1839 num
169 1786 417 1859 pervenerunt:
444 1772 549 1858 ²quas
573 1776 727 1858 regiones
753 1775 902 1857 Menapii
926 1774 1125 1852 incolebant,
1142 1800 1169 1853 15

69 1884 100 1936 et
123 1878 163 1937 ad
189 1886 367 1958 utramque
389 1875 491 1957 ripam
518 1874 664 1937 fluminis
687 1894 784 1957 agros
804 1873 955 1937 aedificia
969 1874 1126 1957 vicosque

69 1972 257 2050 habebant;
290 1974 348 2036 sed
374 1982 489 2037 tantae
514 1972 738 2036 multitudinis
763 1972 855 2034 aditu
881 1971 1060 2053 perterriti,
1087 1993 1126 2034 ex

68 2069 106 2131 iis
133 2071 296 2134 aediliciis
321 2092 406 2153 quae
437 2081 529 2134 trans
556 2071 681 2133 flumen
710 2071 894 2133 habuerant
923 2069 1127 2152 demigrave-

68 2177 151 2242 runt,
184 2177 221 2231 et
253 2169 300 2231 cis
340 2170 497 2231 Rhenum
528 2167 700 2249 dispositis
734 2167 907 2249 praesidiis
940 2166 1124 2230 Germanos

68 2265 209 2327 transire
233 2264 464 2345 prohibebant.
515 2262 591 2327 ³111i
615 2263 727 2327 omnia
751 2263 888 2345 experti,
913 2285 988 2328 cum
1016 2285 1124 2346 neque
1138 2288 1169 2324 20

68 2360 97 2421 vi
134 2362 340 2424 contendere
377 2370 513 2443 propter
550 2361 695 2444 inopiam
735 2360 867 2423 navium
899 2381 1007 2442 neque
1039 2361 1123 2423 clam

67 2457 210 2520 transire
234 2464 369 2537 propter
385 2452 553 2517 custodias
578 2452 812 2534 Menapiorum
836 2464 984 2534 possent,
1001 2456 1125 2520 reverti

68 2573 101 2616 se
130 2554 164 2617 in
193 2572 270 2616 suas
301 2551 399 2614 sedes
429 2549 651 2633 regionesque
682 2549 932 2625 simulaverunt,
958 2562 992 2613 et
1023 2553 1124 2616 tridui

66 2649 151 2713 viam
193 2648 360 2731 progressi
390 2667 505 2711 rursus
543 2654 762 2720 reverterunt,
795 2658 895 2729 atque
933 2650 1023 2711 omni
1062 2651 1124 2715 hoc

67 2747 188 2812 itinere
212 2766 278 2809 una
300 2754 400 2809 nocte
423 2744 575 2828 equitatu
603 2741 768 2819 confecto,
797 2744 922 2809 inscios
953 2745 1167 2829 inopinam-25

66 2852 185 2928 tesque
217 2843 394 2925 Menapios
425 2851 687 2924 oppresserunt;
718 2841 774 2924 qui
805 2842 847 2905 de
880 2842 1123 2908 Germanorum

66 2942 217 3007 discessu
248 2960 308 3023 per
337 2939 565 3022 exploratores
604 2939 765 3003 certiores
802 2936 893 3015 facti,
927 2942 999 3003 sine
1031 2953 1125 3005 metu

66 3047 157 3103 trans
199 3039 356 3102 Rhenum
396 3038 430 3100 in
470 3056 547 3099 suos
585 3036 677 3100 vicos
715 3036 984 3119 remigraverant.
1032 3036 1124 3102 4His

67 3135 256 3201 interiectis
287 3135 495 3217 navibusque
519 3152 634 3197 eorum
663 3134 844 3215 occupatis,
869 3134 1060 3217 priusquam
1085 3158 1125 3200 ea

67 3254 140 3315 pars
182 3234 424 3316 Menapiorum,
453 3251 538 3314 quae
569 3230 653 3294 citra
693 3230 849 3294 Rhenum
889 3242 970 3307 erat,
1003 3234 1124 3296 certior
1136 3257 1170 3307 30

67 3330 169 3407 fieret,
195 3331 320 3395 flumen
343 3328 572 3404 transierunt;
595 3338 697 3410 atque
720 3328 876 3392 omnibus
900 3349 1014 3392 eorum
1039 3332 1125 3393 aedi-

68 3427 149 3492 ficiis
189 3428 369 3511 occupatis,
410 3426 569 3509 reliquam
609 3434 736 3507 partem
777 3425 896 3489 hiemis
935 3447 971 3491 se
1009 3448 1124 3491 eorum

68 3528 170 3608 copiis
192 3528 355 3590 aluerunt.

112 3640 139 3704 5.
172 3625 239 3687 His
270 3626 311 3687 de
334 3624 434 3687 rebus
459 3622 584 3685 Caesar
608 3621 731 3683 certior
752 3618 870 3694 factus,
897 3631 931 3684 et
957 3622 1127 3687 infirmita-

69 3730 134 3784 tem
159 3722 328 3786 Gallorum
353 3719 489 3793 veritus,
507 3719 595 3800 quod
620 3718 755 3780 suntin
781 3718 930 3781 consiliis
954 3720 1125 3800 capiendis
1139 3743 1168 3795 35

70 3820 206 3883 mobiles
237 3829 271 3882 et
303 3818 398 3881 novis
430 3815 625 3899 plerumque
657 3816 756 3878 rebus
788 3816 933 3889 student,
960 3815 1042 3877 nihil
1073 3816 1126 3878 his
