2667 4159
63 196 89 245 B.
103 196 137 247 G.
154 197 202 247 IV.
221 197 278 265 17.]
373 183 497 266 Bn'dge
519 205 625 245 across
648 184 702 245 tlte
724 184 842 246 ha'ne.
1123 200 1163 264 77

61 376 234 458 quicquam
267 398 344 440 esse
375 378 505 459 imperii
535 386 593 441 aut
623 378 803 460 potestatis
834 386 927 441 trans
961 378 1118 442 Rhenum

60 474 289 552 postularet?'
337 474 444 538 4Ubii
468 485 591 550 autem,
617 476 673 557 qui
697 474 754 537 uni
778 495 819 537 ex
849 476 1119 540 Transrhenanis

59 572 97 631 ad
137 570 318 634 Caesarem
356 571 486 655 legatos
526 573 696 647 miserant,
736 572 917 635 amicitiam
958 570 1117 649 fecerant,

59 668 192 730 obsides
217 669 390 746 dederant,
414 689 618 752 magnopere
642 670 783 733 orabant
806 679 843 731 ut
868 669 931 733 sibi
961 671 1118 734 auxilium

59 762 170 840 ferret,
188 767 279 848 quod
302 767 449 849 graviter
472 768 513 830 ab
539 767 657 831 Suevis
682 777 916 848 premerentur
929 789 937 844 ;
959 769 1022 843 vel,
1041 770 1068 831 si
1085 769 1117 831 id
1149 792 1161 843 5

58 860 168 926 iacere
201 864 479 945 occupationibus
518 865 719 948 reipublicae
757 865 998 946 prohiberetur,
1030 886 1119 929 exer-

59 960 161 1022 citum
181 962 283 1024 modo
301 962 458 1025 Rhenum
475 971 740 1045 transportaret:
764 963 798 1024 id
815 962 878 1025 sibi
893 964 942 1026 ad
960 964 1116 1026 auxilium
1144 990 1149 1009 ‹

59 1078 222 1141 spemque
260 1059 378 1141 reliqui
417 1060 578 1142 temporis
616 1060 698 1123 satis
737 1057 895 1123 futurum.
941 1058 1116 1124 ⁶Tantum

58 1175 132 1218 esse
155 1175 283 1219 nomen
306 1166 407 1239 atque
430 1158 622 1239 opinionem
646 1156 721 1239 ejus
745 1142 923 1232 exercitus,
944 1156 1118 1221 Ariovisto

58 1253 154 1333 pulso
178 1261 213 1316 et
238 1253 302 1317 hoc
326 1254 507 1317 novissimo
530 1254 657 1336 proelio
680 1252 779 1330 iacto,
798 1255 900 1318 etiam
923 1256 964 1317 ad
983 1256 1117 1319 ultimas
1134 1276 1163 1311 10

59 1350 305 1413 Germanorum
330 1351 493 1427 nationeS,
518 1352 568 1414 uti
593 1352 751 1433 opinione
774 1361 808 1413 et
832 1352 978 1415 amicitia
1005 1353 1118 1434 populi

59 1448 205 1511 Romani
233 1448 299 1511 tuti
331 1468 405 1512 esse
435 1449 575 1530 possint.
624 1448 768 1512 Navium
801 1470 956 1531 magnam
988 1450 1117 1531 copiam

57 1545 96 1608 ad
113 1546 413 1627 transportandum
429 1546 615 1610 exercitum
632 1547 884 1628 pollicebantur.

103 1659 150 1723 17.
187 1642 322 1719 Caesar,
347 1642 400 1707 his
422 1644 464 1707 de
487 1644 598 1709 causis
625 1663 708 1726 quas
739 1644 1005 1718 commemoravi,
1032 1645 1120 1707 Rhe·

58 1760 138 1803 num
169 1741 316 1804 transire
341 1741 558 1818 decreverat;
581 1742 640 1805 sed
665 1742 806 1804 navibus
837 1742 978 1805 transire
1010 1762 1118 1823 neque
1134 1763 1162 1814 ις

59 1839 139 1902 satis
154 1848 268 1902 tutum
290 1858 364 1902 esse
386 1839 618 1914 arbitrabatur,
637 1858 745 1921 neque
771 1859 850 1902 suae
874 1860 982 1920 neque
1006 1840 1119 1921 populi

59 1935 206 1999 Romani
223 1936 400 2019 dignitatis
416 1956 491 2000 esse
508 1937 687 2000 statuebat.
733 1932 888 2018 21taque,
905 1937 970 1999 etsi
990 1957 1120 2001 summa

58 2032 241 2097 difficultas
270 2031 416 2098 faciendi
441 2034 556 2117 pontis
578 2034 829 2116 proponebatur
851 2043 988 2115 propter
1012 2036 1120 2097 latitu-

58 2131 183 2205 dinem,
208 2131 430 2213 rapiditatem,
458 2132 737 2213 altitudinemque
768 2130 924 2207 fluminiS,
949 2141 1062 2194 tamen
1086 2133 1119 2194 id

60 2229 121 2291 sibi
145 2230 429 2303 contendendum,
454 2239 510 2292 aut
535 2230 632 2294 aliter
661 2249 730 2291 non
761 2229 1000 2292 traducendum
1033 2250 1165 2291 exer-20

62 2328 166 2390 citum
196 2326 415 2391 existimabat.
462 2324 670 2390 8Rationem
702 2326 815 2407 pontis
846 2326 1117 2390 hancinstituit.

60 2425 172 2507 Tigna
202 2425 283 2487 bina
312 2424 564 2507 sesquipedalia,
596 2424 731 2506 paulum
763 2426 804 2488 ab
835 2425 902 2487 imo
933 2434 1118 2505 praeacuta,

59 2521 214 2585 dimensa
236 2523 278 2585 ad
301 2521 513 2585 altitudinem
537 2521 693 2597 fluminis,
712 2522 887 2586 intervallo
905 2522 1027 2603 pedum
1043 2522 1121 2583 duo·

58 2640 132 2684 rum
160 2618 252 2683 inter
275 2640 310 2683 se
339 2618 511 2701 jungebat.
556 2616 680 2683 4Haec
712 2640 787 2683 cum
818 2619 1120 2683 machinationibus

59 2716 212 2780 immissa
248 2716 284 2779 in
310 2716 436 2780 flumen
467 2716 638 2791 defixerat,
670 2717 867 2799 fistucisque
897 2718 1163 2799 adegerat—25

59 2834 126 2879 non
167 2813 315 2877 sublicae
354 2815 453 2877 modo
490 2814 616 2877 directe
655 2815 697 2876 ad
737 2814 1021 2895 perpendiculum,
1061 2815 1120 2877 sed

59 2931 164 2993 prone
189 2932 228 2975 ac
251 2908 419 2995 fastigate,
437 2922 474 2974 ut
500 2913 683 2974 secundum
709 2921 860 2974 naturam
885 2911 1033 2974 fluminis
1050 2931 1121 2991 pro-

59 3009 269 3084 cumberent,
280 3008 385 3073 -his
402 3008 484 3071 item
503 3008 669 3071 contraria
685 3008 750 3072 duo
767 3010 807 3071 ad
825 3008 968 3071 eundem
985 3009 1119 3070 modurn

59 3106 186 3187 juncta,
220 3106 395 3169 intervallo
434 3105 556 3187 pedum
595 3107 855 3189 quadragenum,
888 3107 930 3169 ab
964 3103 1121 3169 inferiore

60 3214 155 3285 parte
187 3214 305 3267 contra
334 3203 401 3266 vim
432 3214 534 3286 atque
572 3202 734 3283 impetum
773 3203 921 3267 fluminis
959 3222 1121 3267 conversa
1134 3225 1166 3273 30

61 3303 241 3365 statuebat.
296 3297 420 3366 ⁶Haec
458 3311 598 3382 utraque
636 3300 773 3382 insuper
811 3301 1020 3384 bipedalibus
1059 3310 1121 3362 tra-

60 3398 158 3462 bibus
196 3398 364 3475 immissis,
405 3408 566 3480 quantum
605 3418 717 3460 eorum
757 3398 927 3480 tignorum
965 3398 1121 3480 junctura

61 3496 217 3571 distabat,
243 3495 331 3559 binis
356 3496 521 3578 utrimque
546 3495 656 3557 fibulis
681 3496 722 3557 ab
754 3506 903 3559 extrema
933 3506 1028 3576 parte
1058 3494 1122 3557 dis-

61 3593 279 3669 tinebantur;
302 3593 422 3675 quibus
445 3594 612 3668 disclusis,
639 3602 740 3675 atque
769 3594 802 3655 in
827 3594 1027 3656 contrariam
1052 3611 1122 3674 par-

61 3699 127 3753 tem
158 3690 331 3765 revinctis,
364 3700 460 3753 tanta
490 3700 560 3753 erat
599 3691 709 3772 operis
743 3691 912 3753 firmitudo
951 3700 1051 3772 atque
1082 3710 1122 3751 ea
1135 3712 1164 3763 35

63 3809 168 3852 rerum
193 3798 324 3862 natura,
349 3797 395 3862 ut,
420 3809 484 3870 quo
509 3787 614 3869 major
636 3788 687 3850 vis
712 3808 815 3869 aquae
840 3808 875 3849 se
899 3787 1118 3859 incitavisset‚
