2667 4159
215 162 272 224 166
464 156 553 222 close
565 158 636 220 arrd
647 155 812 236 Doublful
826 155 989 238 Strugglc.
1136 152 1258 222 [CAESAR

207 357 248 420 de
264 353 365 416 muris
390 373 448 434 per
468 373 584 414 manus
607 351 779 425 demissae,
797 371 871 412 sese
892 349 1050 411 militibus
1074 349 1258 411 tradebant.

209 457 247 519 L.
268 455 399 528 Fabius,
417 454 566 516 centurio
586 452 727 534 legionis
743 463 887 527 octavae,
904 471 1002 534 quem
1024 450 1112 512 inter
1127 470 1207 513 suos
1222 471 1260 512 eo

206 558 259 619 die
286 556 407 618 dixisse
435 556 615 627 constabat,
645 554 780 617 excitari
812 573 848 616 se
876 551 1136 614 Avaricensibus
1170 571 1261 632 prae·

207 660 291 734 miis,
320 681 427 742 neque
454 657 718 727 commissurum,
747 665 783 718 ut
810 656 899 736 prius
926 654 1098 736 quisquam
1129 673 1261 714 murum
1325 662 1326 665 ’

177 763 431 841 5adscenderet,
449 771 517 823 tres
542 780 619 821 suos
643 770 759 820 nactus
784 755 1011 836 manipulares,
1028 766 1130 836 atque
1154 755 1199 816 ab
1222 754 1261 816 iis

207 863 407 938 sublevatus,
422 881 550 924 murum
568 859 749 922 adscendit.
798 858 871 920 Hos
888 857 959 937 ipse
975 877 1095 929 rursus,
1110 855 1262 937 singulos
1323 852 1327 888 ¹

206 961 394 1045 exceptans,
412 963 444 1024 in
462 982 590 1024 murum
608 959 735 1022 extulit.
1326 946 1327 949 '

250 1067 300 1142 48.
328 1065 464 1126 Interim
483 1063 503 1123 ii
526 1061 580 1144 qui
603 1062 641 1122 ad
667 1060 801 1124 alteram
826 1069 951 1140 partem
969 1059 1090 1140 oppidi,
1107 1068 1144 1122 ut
1162 1080 1264 1142 supra

207 1165 514 1236 demonstravimus,
543 1161 737 1224 munitionis
764 1181 864 1222 causa
893 1171 1124 1232 convenerant,
1154 1161 1263 1241 primo

162 1294 191 1328 10
207 1265 359 1327 exaudito
376 1265 528 1337 clamore,
544 1263 621 1325 inde
637 1263 737 1324 etiam
761 1261 884 1324 crebris
901 1261 1025 1322 nuntiis
1048 1259 1189 1335 incitati,
1206 1283 1264 1343 op

207 1367 319 1446 pidum
344 1366 385 1427 ab
412 1364 571 1429 Romanis
595 1363 708 1436 teneri,
728 1361 917 1442 praemissis
942 1361 1119 1444 equitibus,
1137 1383 1262 1442 magno

207 1487 369 1528 concursu
385 1486 424 1527 eo
444 1464 696 1526 contenderunt.
742 1459 889 1524 2Eorum
910 1474 946 1524 ut
970 1463 1109 1544 quisque
1134 1463 1262 1544 primus

207 1575 350 1640 venerat,
376 1566 437 1627 sub
461 1585 554 1625 muro
578 1563 791 1635 consistebat,
815 1582 1014 1644 suorumque
1038 1563 1262 1644 pugnantium

207 1686 380 1727 numerum
398 1665 549 1744 augebat.
600 1663 749 1744 Quorum
766 1683 841 1724 cum
859 1682 979 1743 magna
996 1662 1175 1725 multitudo
1188 1684 1265 1726 con-

162 1793 191 1842 15
207 1765 360 1835 venisset,
385 1760 662 1836 matresfamiliae,
688 1782 771 1844 quae
798 1761 896 1843 paulo
923 1771 1001 1825 ante
1029 1763 1192 1825 Romanis
1220 1765 1265 1827 de

207 1886 300 1927 muro
325 1885 441 1925 manus
466 1863 655 1935 tendebant,
674 1883 751 1924 suos
774 1863 942 1938 obtestari,
959 1873 992 1925 et
1016 1883 1107 1925 more
1133 1864 1262 1927 Gallico

207 1985 339 2046 passum
373 1962 527 2043 capillum
559 1974 736 2036 ostentare,
765 1963 950 2044 liberosque
981 1962 1014 2024 in
1043 1975 1262 2045 conspectum
1327 2002 1328 2033 r

208 2063 350 2146 prolerre
375 2074 563 2143 coeperunt.
610 2060 714 2124 3Erat
745 2064 904 2126 Romanis
928 2085 989 2126 nec
1016 2063 1088 2127 loco
1113 2085 1176 2126 nec
1200 2085 1262 2127 nu-

209 2185 298 2225 mero
314 2184 418 2245 acqua
435 2163 622 2224 contentio:
647 2163 744 2224 simul
768 2172 801 2226 et
825 2184 922 2226 cursu
940 2174 973 2226 et
996 2163 1105 2243 spatio
1129 2185 1263 2246 pugnae

161 2293 190 2326 20
208 2261 391 2343 defatigati,
420 2283 485 2323 non
513 2259 608 2324 lacile
636 2274 786 2326 recentes
814 2276 911 2345 atque
942 2264 1090 2346 integros
1118 2265 1263 2328 sustine·
1326 2300 1327 2309 κ

208 2365 299 2427 bant.

252 2484 300 2545 49.
328 2464 537 2526 Caesareum
551 2463 662 2545 iniquo
679 2463 750 2526 loco
766 2464 906 2545 pugnari
922 2465 1135 2548 hostiumque
1146 2465 1263 2546 augeri

208 2565 319 2644 copias
344 2566 479 2638 videret,
504 2575 736 2643 praemetuens
765 2566 843 2637 suis,
867 2567 907 2626 ad
936 2568 973 2629 T.
993 2567 1142 2629 Sextium
1172 2568 1263 2647 lega-

209 2676 289 2739 tum,
307 2686 404 2746 quern
427 2665 609 2726 minoribus
633 2665 751 2726 castris
774 2666 937 2746 praesidio
957 2667 1142 2750 reliquerat,
1160 2668 1264 2742 misit,

160 2801 190 2850 25
209 2777 244 2827 ut
269 2766 421 2828 cohortes
445 2785 484 2826 ex
508 2764 625 2826 castris
649 2765 797 2826 celeriter
822 2767 985 2840 educeret,
1005 2778 1038 2829 et
1061 2768 1122 2829 sub
1147 2768 1264 2831 infimo
1326 2824 1327 2839 ,

209 2866 290 2929 colle
307 2866 348 2927 ab
365 2865 480 2927 dextro
504 2863 604 2928 latere
628 2865 770 2926 hostium
790 2867 1030 2943 constitueret;
1052 2864 1121 2940 ²ut,
1140 2868 1168 2930 si
1186 2890 1264 2931 nos·

209 2978 277 3028 tros
301 2967 373 3028 loco
391 2963 544 3045 depulsos
564 2965 710 3038 vidisset,
728 2986 793 3046 quo
817 2966 926 3029 minus
951 2966 1052 3030 libere
1075 2969 1191 3031 hostes
1215 2970 1265 3031 in-

209 3077 428 3148 sequerentur
459 3076 605 3128 terreret.
653 3065 740 3146 lpse,
772 3065 904 3145 paulum
936 3088 977 3129 ex
1006 3087 1046 3130 eo
1078 3067 1152 3130 loco
1185 3090 1263 3132 cum

208 3167 338 3248 legione
362 3186 555 3247 progressus
577 3167 631 3227 ubi
655 3168 860 3239 constiterat,
878 3179 1034 3231 eventum
1057 3190 1192 3250 pugnae
1207 3191 1264 3233 ex·
1325 3188 1326 3245 j

160 3303 191 3353 30
209 3268 390 3348 spectabat.
1325 3252 1326 3275 ¹

254 3382 302 3447 50.
330 3368 413 3430 Cum
433 3367 591 3429 acerrime
615 3367 798 3428 comminus
823 3379 1033 3448 pugnaretur,
1051 3370 1166 3433 hostes
1190 3371 1264 3434 loco

209 3480 241 3530 et
266 3488 411 3542 numer0‚
432 3468 534 3529 nostri
558 3467 679 3528 virtute
699 3469 913 3542 confiderent,
935 3470 1045 3530 subito
1065 3484 1145 3533 sunt
1173 3473 1264 3535 Hae-

209 3569 264 3630 dui
289 3567 359 3639 visi,
377 3568 419 3629 ab
441 3566 543 3629 latere
561 3568 684 3628 nostris
700 3579 822 3648 aperto,
840 3590 922 3650 quos
949 3570 1069 3631 Caesar
1087 3572 1129 3632 ab
1145 3573 1262 3636 dextra
1325 3648 1326 3651 Ἴ

210 3679 302 3746 parte
330 3667 392 3728 alio
420 3667 581 3729 adscensu
611 3688 727 3730 manus
753 3651 962 3732 distinendae
989 3690 1088 3733 causa
1115 3673 1261 3737 miserat.
1325 3710 1326 3751 3

161 3764 279 3844 35²Hi
308 3768 523 3830 similitudine
547 3789 708 3829 armorum
737 3769 950 3833 vehementer
978 3784 1109 3835 nostros
1138 3791 1262 3855 perter-

210 3880 365 3946 ruerunt,
390 3889 436 3948 ac,
454 3869 583 3940 tametsi
600 3853 724 3941 dextris
740 3870 884 3937 humeris
902 3875 1038 3942 exsertis
1055 3877 1261 3951 animadver·
1325 3824 1327 3867 t
