2667 4159
74 175 290 253 B·G·V1-8·]
355 176 521 247 Labienus
536 176 656 245 invites
671 204 715 245 an
732 178 860 246 Attack.
896 186 900 195 '
1072 194 1127 245 121

75 382 293 464 recepissent.
338 376 426 442 ³His
454 377 658 442 confirmatis
686 378 793 451 rebuS,
817 376 1004 441 Commium
1032 375 1132 439 Atre·

74 486 187 547 batem
205 503 280 545 cum
298 480 446 563 equitatu
463 478 610 543 custodis
631 478 703 541 loco
722 478 755 541 in
776 477 941 561 Menapiis
958 477 1131 561 relinquit;

75 586 148 667 ipse
165 583 199 646 in
218 584 382 646 Treveros
399 579 625 663 proficiscitur.

120 702 149 765 7.
174 685 266 748 Dum
299 683 380 745 haec
408 702 428 744 a
458 680 602 745 Caesare
631 690 802 761 geruntur,
830 679 975 753 Treveri,
1004 678 1132 761 magnis

75 786 201 850 coactis
233 784 401 867 peditatus
433 780 665 865 equitatusque
696 780 810 862 copiis
839 780 1024 843 Labienum
1056 797 1166 853 cums

76 908 142 949 una
172 886 305 968 legione
330 882 469 968 quaein
493 902 606 946 eorum
630 881 753 945 finibus
780 880 982 945 hiemaverat
1013 880 1132 943 adoriri

75 988 258 1068 parabant:
280 985 412 1068 jamque
430 984 473 1048 ab
495 1004 621 1047 eonon
645 982 776 1064 longius
800 981 891 1045 bidui
915 981 968 1043 via
985 981 1132 1056 aberant,

75 1109 151 1150 cum
175 1088 261 1149 duas
284 1086 416 1149 venisse
442 1083 589 1166 legiones
615 1083 718 1146 missu
743 1081 893 1146 Caesaris
917 1091 1130 1164 cognoscunt.

74 1186 222 1252 ²Positis
249 1188 367 1251 castris
395 1208 415 1249 a
441 1185 572 1248 milibus
604 1205 761 1266 passuum
789 1182 987 1267 quindecim,
1015 1183 1133 1247 auxilia

77 1290 323 1353 Germanorum
354 1297 546 1369 exspectare
576 1285 792 1351 constituunt.
849 1284 1027 1359 Labienus,
1058 1285 1134 1348 hos·
1155 1299 1183 1335 ¹0

75 1391 160 1453 tium
194 1387 331 1470 cognito
361 1388 507 1463 consilio,
535 1396 672 1469 sperans
703 1385 890 1450 temeritate
918 1406 1031 1450 eorum
1062 1382 1134 1451 iore

75 1492 221 1573 aliquam
246 1488 426 1553 dimicandi
448 1485 646 1564 facultatem,
663 1484 828 1569 praesidio
852 1488 997 1571 quinque
1019 1485 1133 1551 cohor-

75 1592 160 1655 tium
186 1590 435 1672 impedimentis
458 1589 582 1665 relict0,
597 1610 673 1653 cum
693 1606 764 1653 xxv
788 1588 979 1653 cohortibus
997 1608 1132 1669 magno-

75 1713 141 1774 que
177 1691 330 1774 equitatu
365 1701 481 1753 contra
519 1690 649 1753 hostem
690 1689 930 1772 proficiscitur;
968 1698 1010 1764 et,
1045 1689 1134 1753 mille

75 1813 239 1874 passuum
270 1790 459 1854 intermisso
490 1791 605 1873 spatio,
637 1802 746 1855 castra
776 1791 967 1856 communit.
1029 1787 1133 1855 ³Erat
1154 1812 1182 1864 15

75 1894 165 1956 inter
194 1891 381 1955 Labienum
406 1902 506 1975 atque
532 1892 659 1955 hostem
689 1890 813 1957 difficili
840 1893 982 1957 transitu
1010 1891 1132 1955 flumen

75 1993 228 2076 ripisque
252 1992 444 2074 praeruptis.
493 1991 568 2056 Hoc
593 2012 701 2075 neque
727 1992 798 2075 ipse
823 1994 964 2057 transire
992 1993 1133 2057 habebat

76 2096 109 2156 in
131 2095 256 2168 animo,
273 2113 379 2176 neque
404 2092 516 2157 hostes
540 2092 737 2157 transituros
754 2093 971 2158 existimabat.
1018 2095 1133 2176 Auge-

76 2197 177 2257 batur
193 2193 388 2257 anxiliorum
406 2192 526 2257 cotidie
542 2214 630 2276 spes.
672 2191 859 2278 *Loquitur
876 2196 908 2259 in
927 2196 1066 2261 concilio
1083 2216 1135 2277 pa-

77 2297 163 2359 lam:
197 2294 383 2376 ‘Quoniam
410 2292 566 2358 Germani
591 2295 855 2379 appropinquarc
879 2297 1040 2372 dicantur,
1061 2318 1134 2360 sese
1154 2314 1184 2351 20

77 2418 157 2459 snas
174 2394 407 2477 exercitusque
422 2394 573 2458 fortunas
596 2396 630 2458 in
649 2397 786 2460 dubium
807 2418 872 2460 non
889 2398 1134 2474 devocaturum,

77 2512 111 2561 et
135 2507 272 2580 postero
295 2496 348 2559 die
369 2496 475 2578 prima
496 2496 567 2560 luce
587 2508 696 2561 castra
719 2498 904 2563 moturum)
952 2496 1135 2563 ⁵Celeriter

79 2600 162 2662 haec
180 2598 222 2660 ad
247 2597 360 2659 hostes
376 2593 579 2672 deferuntur,
596 2608 632 2660 ut
655 2618 696 2661 ex
714 2618 835 2680 magno
860 2598 1027 2664 Gallorum
1045 2599 1135 2683 eqni-

79 2709 151 2762 tum
186 2717 328 2761 numero
362 2697 538 2761 nonnullos
576 2698 710 2762 Gallicis
744 2699 842 2764 rebus
875 2699 985 2766 lavere
1019 2712 1136 2765 natura

80 2799 231 2881 cogebat.
277 2794 480 2873 ⁶Labienus,
504 2810 604 2863 noctu
629 2798 770 2862 tribunis
793 2801 932 2864 militum
954 2802 1135 2885 primisque
1155 2826 1184 2880 ²5

80 2900 254 2963 ordinibus
280 2899 478 2972 convocatis
498 2898 577 2981 quid
605 2899 657 2962 sui
685 2899 727 2964 sit
753 2902 881 2965 consilii
909 2905 1071 2985 proponit,
1092 2914 1135 2980 et,

82 3021 146 3083 quo
173 2996 305 3062 facilius
333 2999 485 3063 hostibus
513 2999 640 3063 timoris
668 3001 723 3064 det
752 3003 984 3083 suspicionem,
1010 3004 1135 3087 majore

82 3101 224 3183 strepitu
248 3112 281 3162 et
307 3099 450 3163 tumultu
475 3120 573 3181 quam
599 3102 711 3183 populi
740 3102 882 3166 Romani
909 3102 970 3166 sert
997 3126 1135 3168 consue-

82 3203 161 3266 tudo
186 3211 299 3264 castra
324 3200 444 3262 moveri
470 3199 570 3282 jubet.
624 3199 714 3265 7His
740 3203 837 3266 rebus
865 3201 963 3283 fugae
995 3205 1135 3269 similem

82 3300 323 3383 profectionem
340 3299 450 3364 efficit.
489 3300 583 3364 Haec
599 3323 730 3385 quoque
747 3324 805 3384 per
821 3305 1042 3386 exploratores
1060 3318 1137 3373 ante
1155 3327 1186 3379 30

83 3402 189 3466 lucem
213 3401 247 3463 in
269 3411 363 3464 tanta
384 3400 628 3485 propinquitate
649 3415 829 3466 castrorum
849 3406 889 3468 ad
912 3407 1026 3471 hostes
1049 3404 1138 3471 defe-

83 3514 209 3567 runtur.

125 3608 153 3670 8.
177 3603 247 3667 Vix
263 3622 384 3684 agmen
400 3603 615 3667 novissimum
636 3614 728 3668 extra
747 3607 947 3671 munitiones
971 3630 1137 3691 processe-

83 3717 141 3781 rat,
160 3726 239 3769 cum
257 3704 344 3767 Galli
356 3704 570 3767 -cohortati
589 3705 675 3767 inter
691 3726 726 3770 se
743 3727 784 3769 ne
801 3721 964 3789 speratam
984 3712 1135 3789 praedam

84 3828 121 3869 cx
145 3806 303 3869 manibus
331 3805 564 3879 demitterent;
592 3806 726 3899 longum
752 3828 835 3882 esse,
859 3810 1041 3890 perterritis
1070 3812 1136 3871 Ro·
1155 3828 1185 3878 35

84 3909 201 3982 maniS,
227 3906 467 3970 Germanorum
492 3905 648 3969 auxilium
673 3920 863 3987 exspectare
876 3929 883 3984 ;
913 3927 1019 3989 neque
1043 3928 1135 3970 suam
