2667 4159
172 174 211 251 58
436 168 552 229 Naval
575 165 755 249 Campazgfn
776 167 910 249 against
931 166 984 229 the
1149 180 1266 253 [Casan
1311 128 1312 133 η

213 381 353 445 eaquae
369 361 410 424 ad
427 381 522 424 usum
540 359 673 423 navium
690 359 860 440 pertinent
880 357 1052 441 providere
1076 358 1263 433 instituunt,

214 460 277 523 hoc
301 459 427 541 majore
450 479 518 539 spe,
537 458 624 539 quod
649 457 792 520 multum
817 466 935 535 natura
957 456 1021 520 loci
1046 457 1262 520 confidebant.

213 554 410 619 3Pedestria
448 576 522 618 esse
559 555 680 618 itinera
711 554 844 618 concisa
874 555 1058 629 aestuariis,
1091 554 1266 635 navigatio·

214 674 290 717 nem
322 653 514 735 impeditam
546 663 682 733 propter
706 652 916 714 inscientiam
951 652 1098 715 locorum
1127 652 1266 733 paucita-
1314 642 1315 671 ³

188 762 349 833 stemque
388 760 543 831 portuum
583 750 743 823 sciebant,
784 769 891 831 neque
930 758 1061 813 nostros
1102 750 1265 813 exercitus
1314 752 1315 847 l

214 858 350 931 propter
364 845 526 910 frumenti
542 847 687 929 inopiam
709 846 834 927 diutius
858 847 944 928 apud
968 866 1005 910 se
1028 846 1148 908 morari
1172 867 1265 929 posse
1314 848 1315 871 ¹

213 946 448 1010 confidebant:
471 942 534 1007 ⁴ac
557 943 623 1026 jam
650 954 686 1006 ut
710 944 821 1006 omnia
845 954 962 1006 contra
981 943 1173 1025 opinionem
1190 944 1266 1009 acci-

213 1045 340 1118 derent,
366 1052 479 1106 tamen
510 1061 547 1104 se
579 1040 756 1122 plurimum
789 1040 929 1103 navibus
960 1060 1068 1123 posse,
1099 1042 1265 1105 Romanos

214 1161 321 1223 neque
353 1140 454 1202 ullam
484 1137 679 1203 facultatem
707 1138 829 1201 habere
853 1137 996 1212 navium,
1021 1158 1131 1221 neque
1155 1159 1264 1202 eorum
1315 1150 1316 1209 ἶ

173 1239 362 1301 1oloeorum
387 1237 442 1301 ubi
465 1237 590 1301 bellum
613 1235 874 1319 gesturi'essent
891 1236 982 1310 vada,
1001 1246 1126 1318 portus,
1144 1236 1265 1301 insulas

214 1336 370 1413 novisse;
393 1356 431 1399 ac
447 1334 546 1417 longe
562 1334 660 1397 aliam
685 1353 760 1397 esse
784 1332 1030 1417 navigationem
1056 1333 1089 1395 in
1113 1335 1265 1397 concluso

214 1433 295 1497 mari
333 1444 432 1517 atque
467 1433 501 1495 in
532 1432 724 1496 vastissimo
762 1440 862 1514 atque
891 1429 1102 1513 apertissimo
1134 1431 1265 1495 Oceano
1316 1458 1317 1521 q

214 1532 468 1614 perspiciebant.
514 1526 605 1593 5His
639 1529 732 1592 initis
759 1528 919 1605 consiliis,
951 1528 1073 1611 oppida
1104 1529 1264 1603 muniunt,
1316 1540 1317 1543 ’

214 1627 380 1693 frumenta
417 1650 458 1692 ex
495 1629 584 1712 agris
622 1629 656 1691 in
695 1628 824 1711 oppida,
849 1638 1068 1712 comportant,
1101 1650 1203 1693 naves
1233 1630 1263 1691 in

174 1727 404 1802 15Venetiam,
430 1727 485 1789 ubi
514 1726 692 1805 Caesarem
724 1726 868 1809 primum
899 1746 974 1789 esse
1005 1726 1129 1813 bellum
1160 1738 1266 1810 gestu-

215 1845 287 1887 rum
320 1826 503 1899 constabat,
528 1844 627 1907 quam
658 1823 816 1907 plurimas
846 1834 998 1907 possunt,
1030 1834 1165 1907 cogunt.
1213 1824 1266 1887 So·

215 1922 284 1985 cios
315 1922 378 1985 sibi
408 1922 449 1983 ad
477 1922 510 1984 id
534 1922 658 1985 bellum
685 1922 847 1998 osismos,
873 1922 1047 1998 Lexouios,
1074 1922 1263 1996 Namnetes
1317 1914 1318 1931 ¹

215 2020 427 2095 Ambiliatos
475 2020 634 2095 Morinos,
683 2020 900 2097 Diablintres,
948 2020 1123 2102 Menapios
1168 2020 1265 2083 adsci-

216 2128 335 2191 scunt;
358 2117 478 2180 auxilia
501 2138 541 2180 ex
565 2118 747 2194 Britannia,
773 2140 857 2201 quae
881 2129 997 2183 contra
1028 2139 1084 2182 eas
1115 2118 1263 2201 regiones

172 2216 325 2300 aoposita
347 2226 408 2291 est,
424 2228 608 2282 arcessunt.
1318 2302 1319 2307 ἵ

263 2331 308 2378 10.
343 2315 448 2377 Erant
472 2316 534 2378 hae
558 2316 772 2381 difficultates
796 2316 874 2380 belli
898 2317 1044 2400 gerendi,
1065 2338 1148 2403 quas
1172 2334 1264 2397 supra

214 2413 433 2488 ostendimus
460 2415 518 2477 sed
541 2415 645 2477 multa
670 2414 845 2477 Caesarem
870 2424 982 2479 tamen
1008 2418 1049 2479 acl
1081 2418 1114 2480 id
1146 2419 1262 2484 bellum

214 2510 423 2577 incitabant:
446 2513 586 2596 injuriae
610 2524 816 2577 retentorum
848 2514 997 2598 equitum
1030 2516 1262 2589 Romanorum,

215 2610 352 2673 rebellio
375 2608 464 2674 facta
487 2621 562 2693 post
586 2612 799 2688 deditionem,
817 2608 961 2675 defectio
984 2612 1071 2674 datis
1087 2613 1263 2687 obsidibus

172 2728 201 2781 25
215 2718 264 2771 tot
296 2707 468 2771 civitatum
496 2708 704 2790 conjuratio;
728 2709 891 2791 imprimis
921 2729 973 2784 ne,
999 2709 1060 2773 hac
1091 2721 1184 2792 parte
1213 2731 1265 2773 ne·

214 2805 334 2888 glecta,
352 2806 497 2888 reliquae
517 2806 671 2870 nationes
696 2807 758 2869 sibi
783 2806 870 2870 idem
895 2807 995 2871 licere
1019 2808 1262 2871 arbitrarentur.

213 2898 357 2985 21taque
374 2924 449 2967 cum
466 2904 676 2987 intellegeret
694 2926 809 2967 omnes
826 2904 896 2969 fere
912 2904 1026 2968 Gallos
1050 2906 1145 2969 novis
1169 2907 1263 2969 rebus

215 3003 358 3077 studere,
384 3013 417 3066 et
448 3004 489 3065 ad
520 3004 643 3067 bellum
676 3005 844 3067 mobiliter
874 3004 1091 3086 celeriterque
1123 3005 1262 3077 excitari,

214 3120 331 3164 omnes
354 3111 465 3163 autem
490 3101 643 3165 homines
667 3111 786 3165 natura
809 3101 956 3166 libertati
981 3103 1115 3165 studere
1139 3113 1172 3165 et
1196 3123 1264 3165 con-

171 3219 203 3269 30
213 3198 378 3262 dicionem
403 3200 573 3263 servitutis
601 3201 721 3276 odisse,
747 3200 940 3282 priusquam
971 3200 1082 3281 plures
1114 3200 1262 3263 civitates

215 3299 453 3379 conspirarent,
478 3298 689 3378 partiendum
716 3298 839 3361 sibiae
870 3297 969 3361 latius
1001 3297 1262 3361 distribuendum

214 3396 395 3458 exercitum
413 3395 549 3475 putavit.

263 3511 307 3555 11.
342 3493 459 3573 Itaque
491 3493 528 3555 T.
557 3492 742 3555 Labienum
774 3492 921 3574 legatum
954 3493 987 3555 in
1015 3494 1188 3567 Treveros,
1213 3489 1262 3573 qui

213 3588 353 3670 proximi
392 3588 520 3650 flumini
560 3588 681 3651 Rheno
720 3600 808 3663 sunt,
848 3611 923 3653 cum
956 3590 1111 3672 equitatu
1155 3588 1260 3653 mittit.

166 3686 306 3782 35¹(ffipic
330 3686 465 3745 mandat
491 3686 617 3745 Remos
648 3686 858 3765 reliquosque
891 3687 1011 3767 Belgas
1039 3689 1145 3761 adeat,
1170 3698 1262 3767 atque

183 3856 189 3862 ῃ
208 3780 382 3860 tribufficio
406 3778 599 3854 contineat;
624 3779 884 3861 Germanosque,
902 3783 959 3863 qui
983 3783 1103 3846 auxilio
1122 3805 1141 3846 a
1159 3782 1263 3864 Belgis
