2667 4159
217 155 276 234 164
475 155 638 237 Gergovia
648 180 661 228 ,·
689 153 822 218 Coesar's
839 155 995 236 Strategy.
1138 153 1267 222 [Casan

212 350 274 413 bus
308 350 492 423 tenebatur,
524 349 684 410 nudatum
722 348 918 422 hominibus,
951 349 1006 430 qui
1041 348 1268 430 superioribus

212 450 327 513 diebus
344 450 398 511 vix
420 471 498 530 prae
519 448 730 510 multitudine
749 449 838 512 cerni
864 459 999 530 poterat.
1045 445 1268 511 ²Admiratus

212 551 339 634 quaerit
367 571 406 613 ex
433 547 580 631 perfugis
608 569 752 624 causam,
781 570 917 632 quorum
947 570 1087 630 magnus
1115 551 1158 612 ad
1193 570 1270 612 eum

212 652 332 715 cotidie
363 671 520 714 numerus
552 650 751 714 confluebat.
808 650 991 712 Constabat
1022 651 1108 713 inter
1140 671 1270 723 omnes

181 775 194 827 5
212 753 299 834 quod
322 751 387 833 jam
406 752 476 832 ipse
501 750 623 813 Caesar
646 771 705 830 per
726 749 946 830 exploratores
964 761 1176 830 cognoverat,
1195 752 1271 812 dor-

211 873 283 914 sum
304 871 378 914 esse
405 852 475 933 ejus
497 850 567 931 jugi
591 870 693 931 prope
717 870 867 931 aequum,
885 851 940 912 sed
966 851 1053 912 bunc
1077 849 1270 913 silvestrem

213 962 245 1014 et
262 962 449 1032 angustum,
467 971 532 1033 qua
548 961 636 1012 esset
652 950 761 1012 aditus
778 951 818 1012 ad
836 950 972 1013 alteram
989 962 1116 1032 partem
1134 952 1272 1032 oppidi:

211 1049 447 1113 ³vehementer
470 1051 546 1113 huic
570 1050 643 1112 illos
659 1051 732 1114 loeo
755 1050 879 1126 timere,
897 1071 958 1114 nec
980 1051 1045 1133 jarn
1070 1051 1165 1116 aliter
1191 1072 1271 1114 sen-

213 1151 283 1222 tire,
300 1171 366 1213 uno
389 1150 471 1213 colle
488 1152 529 1212 ab
553 1151 713 1213 Romanis
733 1160 903 1232 occupat0,
922 1151 950 1213 si
974 1150 1111 1212 alterum
1137 1152 1273 1214 amisis-

166 1283 195 1319 10
213 1263 296 1324 sent,
328 1251 406 1334 quin
443 1270 549 1332 paene
584 1250 820 1313 circumvallati
855 1264 954 1334 atque
987 1252 1077 1313 omni
1111 1251 1204 1314 exitu
1237 1264 1273 1314 et

212 1351 423 1434 pabulatione
446 1350 616 1414 interclusi
639 1351 846 1427 viderentur;
871 1353 911 1414 ad
938 1352 1025 1414 hunc
1048 1352 1270 1414 muniendum

213 1471 328 1514 omnes
345 1472 364 1514 a
379 1451 653 1533 Vercingetorige
670 1462 832 1514 evocatos.

255 1566 306 1631 45.
333 1552 407 1614 Hac
427 1571 461 1613 re
481 1551 622 1632 cognita,
641 1550 765 1614 Caesar
789 1550 891 1615 mittit
915 1551 1098 1633 complures
1115 1552 1271 1634 equiturn

213 1664 358 1716 turmas:
382 1652 429 1714 eis
447 1652 487 1714 de
512 1652 621 1714 media
637 1663 733 1714 nocte
757 1652 906 1735 imperat,
926 1665 961 1714 ut
983 1652 1080 1735 paulo
1106 1655 1270 1716 tumultu·
1325 1687 1326 1738 ,

166 1782 195 1834 ις
213 1753 301 1815 osius
322 1752 476 1815 omnibus
496 1752 577 1815 locis
602 1765 809 1834 vagarentur.
854 1749 988 1816 2Prima
1005 1753 1078 1816 luce
1106 1775 1270 1834 magnum

213 1874 387 1916 numerum
411 1853 723 1935 impedimentorum
743 1875 782 1917 ex
803 1854 919 1917 castris
942 1853 1169 1936 mulorumque
1196 1877 1271 1936 pro-

213 1953 298 2029 duci,
329 1954 436 2036 deque
468 1953 519 2016 bis
549 1965 729 2018 stramenta
760 1955 899 2030 detrahi,
931 1955 1158 2037 mulionesque
1192 1977 1270 2018 cum

213 2054 407 2128 cassidibus,
432 2055 579 2138 equitum
604 2057 716 2136 specie
739 2077 778 2119 ae
802 2055 1019 2129 simulatione,
1042 2055 1181 2118 collibus
1208 2057 1271 2118 cir·

213 2154 364 2218 cumvehi
387 2155 493 2239 jubet.
538 2152 625 2218 3His
652 2178 775 2238 paucos
798 2157 889 2219 addit
921 2157 1057 2239 equit'eS,
1083 2156 1140 2238 qui
1167 2155 1270 2218 latius
1324 2211 1325 2218 ,

164 2294 195 2330 20
213 2262 443 2329 ostentationis
462 2281 560 2324 eausa
578 2271 787 2340 vagarentur.
836 2258 953 2339 Longo
974 2258 1112 2321 circuitu
1131 2258 1269 2320 easdem
1324 2249 1325 2288 ³

213 2385 328 2429 omnes
351 2363 444 2446 jubet
467 2374 582 2444 petere
600 2360 760 2442 regiones,
806 2358 924 2422 4Haec
948 2358 1061 2440 procul
1084 2379 1125 2420 ex
1144 2359 1271 2438 oppido

212 2466 417 2537 videbantur,
447 2473 482 2525 ut
513 2473 583 2525 erat
613 2483 633 2525 a
664 2461 829 2542 Gergovia
860 2461 1037 2542 despectus
1069 2458 1102 2520 in
1135 2471 1270 2534 castra;

214 2587 330 2650 neque,
360 2575 452 2629 tanto
480 2565 595 2645 spatio,
620 2563 700 2625 certi
726 2563 805 2644 quid
829 2573 918 2626 esset
942 2559 1101 2642 explorari
1125 2571 1269 2642 poterat.

211 2664 416 2748 ⁵Legionem
436 2685 532 2727 unam
550 2665 664 2727 eodem
687 2662 768 2744 jugo
784 2663 895 2735 mittit,
912 2673 945 2724 et
965 2660 1095 2742 paulum
1114 2681 1271 2742 progres-

163 2799 194 2851 25
213 2789 282 2832 sam
304 2765 457 2829 inferiore
476 2765 649 2828 constituit
674 2763 756 2838 loco,
777 2763 931 2844 silvisque
950 2762 1104 2825 occultat.
1151 2761 1271 2842 Auge-

213 2881 266 2932 tur
298 2867 401 2930 Gallis
443 2866 597 2947 suspici0,
647 2875 747 2946 atque
789 2883 903 2926 omnes
945 2862 999 2925 illo
1041 2861 1269 2926 munitionum
1323 2867 1324 2884 ¹

212 2969 326 3050 copiae
364 2968 588 3029 traducuntur.
648 2965 786 3027 ⁶Vacua
819 2975 925 3026 castra
960 2962 1104 3025 hostium
1143 2962 1271 3025 Caesar

213 3069 430 3151 conspicatus
451 3067 548 3130 tectis
570 3066 756 3146 insignibus
777 3085 919 3136 suorum,
939 3063 1179 3144 occultatisque
1201 3065 1271 3145 sig-

213 3171 264 3233 nis
289 3169 493 3242 militaribus,
518 3188 609 3230 raros
631 3167 752 3228 milites
778 3165 832 3247 (ne
856 3185 896 3227 ex
917 3164 1037 3245 oppido
1060 3164 1272 3228 animadver-

163 3297 194 3347 30
213 3270 373 3352 terentur)
414 3291 455 3332 ex
494 3267 674 3349 majoribus
714 3265 830 3329 castris
870 3265 903 3327 in
944 3264 1069 3327 minora
1111 3265 1270 3340 traducit,

212 3371 406 3454 legatisque,
437 3391 519 3452 quos
551 3369 691 3450 singulis
727 3367 910 3448 legionibus
941 3365 1155 3448 praefecerat,
1186 3368 1271 3452 quid
1322 3397 1323 3432 1

212 3472 284 3536 fieri
316 3471 395 3534 velit
428 3471 592 3533 ostendit:
630 3467 811 3550 ⁷imprimis
848 3478 969 3541 monet,
1001 3478 1037 3530 ut
1071 3468 1272 3533 contineant

214 3573 342 3645 milites,
375 3592 416 3634 ne
447 3571 555 3633 studio
585 3570 755 3651 pugnandi
787 3577 843 3631 aut
874 3589 933 3650 spe
964 3569 1103 3647 praedae
1134 3568 1271 3650 longius

214 3673 467 3754 progrediantur
477 3692 484 3747 ;
516 3669 595 3752 quid
633 3667 790 3749 iniquitas
820 3666 884 3730 loci
915 3667 1034 3731 habeat
1064 3668 1271 3734 incommodi

166 3799 196 3850 35
215 3773 386 3854 proponit,
420 3772 482 3833 hoc
506 3790 571 3832 una
595 3768 760 3829 celeritate
785 3788 883 3847 posse
911 3774 1048 3844 mutari;
1080 3769 1270 3834 occasionis

215 3892 289 3936 esse
305 3893 382 3946 rem,
400 3892 464 3932 non
489 3869 612 3951 proelii.
638 3861 725 3931 ⁸His
745 3868 843 3930 rebus
867 3868 1034 3949 expositis,
1051 3869 1183 3950 signum
1201 3871 1271 3946 dat,
