2667 4159
223 168 281 248 148
329 117 429 231 Sloall
439 164 623 230 Avaricum
640 164 676 229 be
689 166 846 249 defended
857 188 897 229 or
908 166 1098 249 destroyed?
1143 165 1270 237 [CAESAR

217 359 384 447 proiectus
400 372 471 438 est;
495 362 590 444 quod,
607 381 646 425 eo
663 362 784 443 oppido
803 372 943 444 recepto,
960 362 1128 427 civitatem
1151 364 1272 429 Bituri-

216 484 296 548 gum
314 484 349 527 se
367 462 398 524 in
417 471 615 543 potestatem
632 464 841 525 redacturum
859 462 1056 527 confidebat.

266 582 314 644 14
337 562 598 643 Vercingetorix,
623 573 672 626 tot
699 563 865 625 continuis
892 563 1108 628 incommodis
1137 564 1274 631 Vellau-

218 664 352 738 noduni,
371 663 516 739 Genabi,
542 662 733 726 Novioduni
756 664 910 745 acceptis,
927 684 1005 727 suos
1028 666 1068 728 ad
1092 665 1273 729 concilium

186 796 200 849 5
218 775 387 829 convocat.
425 761 566 838 ²Docet,
584 765 700 844 ‘longe
717 764 780 827 alia
794 765 920 828 ratione
933 786 1007 829 esse
1019 765 1140 829 bellum
1155 787 1275 848 geren-

217 869 295 931 dum
320 877 419 948 atque
442 874 541 928 antea
563 877 694 945 gestum
719 864 783 941 sit;
811 865 965 929 omnibus
990 866 1095 929 modis
1123 868 1204 931 huic
1228 868 1274 931 rei

217 965 426 1040 studendum,
443 976 479 1028 ut
503 964 713 1046 pabulatione
730 977 762 1027 et
787 977 973 1029 commeatu
994 967 1137 1031 Romani
1163 968 1274 1049 prohi-

217 1069 376 1132 beantur:
400 1067 432 1129 id
456 1086 529 1129 esse
547 1062 652 1138 facile,
670 1066 758 1147 quod
782 1065 928 1148 equitatu
954 1066 1016 1147 ipsi
1040 1068 1224 1142 abundent,
1242 1079 1275 1132 et

217 1170 302 1252 qnod
335 1167 413 1231 anni
444 1176 593 1249 tempore
620 1165 854 1242 subleventur;
886 1166 1040 1255 pabulum
1069 1168 1176 1232 secari
1207 1190 1272 1232 non

170 1300 200 1335 ιο
217 1289 332 1351 posse;
357 1267 542 1333 necessario
566 1266 733 1348 dispersos
757 1266 869 1329 hostes
893 1287 932 1329 ex
955 1267 1112 1331 aedificiis
1139 1281 1274 1349 petere:

217 1371 278 1431 bos
301 1389 416 1432 omnes
440 1368 562 1432 cotidie
585 1367 627 1430 ab
646 1364 812 1449 equitibus
834 1364 934 1429 deleri
959 1388 1066 1449 posse.
1112 1365 1274 1433 ³Praete·

217 1492 280 1545 rea,
304 1469 420 1533 salutis
448 1488 556 1542 causa,
578 1468 624 1530 rei
652 1465 819 1530 familiaris
847 1468 1019 1531 commoda
1043 1468 1273 1550 neglegenda;

216 1571 308 1634 vicos
321 1582 421 1652 atque
433 1569 584 1633 aedificia
596 1567 726 1632 incendi
744 1577 896 1649 oportere
913 1568 974 1631 hoc
988 1568 1094 1650 spatio
1115 1566 1153 1653 [a
1170 1570 1269 1655 Boia]

217 1691 484 1755 quoqueversus,
502 1691 567 1752 quo
590 1667 768 1750 pabulandi
789 1688 888 1731 causa
904 1668 993 1731 adire
1016 1689 1114 1751 posse
1137 1670 1272 1733 videan-

169 1796 198 1847 15
217 1782 280 1836 tur.
326 1768 479 1832 4Harum
505 1769 586 1850 ipsis
603 1788 709 1831 rerum
731 1768 856 1850 copiam
878 1782 1062 1849 suppetere,
1079 1771 1167 1851 quod
1194 1792 1272 1854 quo·

217 1893 287 1934 rum
303 1871 335 1933 in
349 1871 470 1933 finibus
484 1869 603 1933 bellurn
617 1880 759 1951 geratur,
772 1890 884 1931 eorum
903 1869 1019 1950 opibus
1037 1870 1272 1935 subleventur:

218 1973 386 2036 Romanos
410 1981 466 2033 aut
490 1970 633 2052 inopiam
658 1991 724 2033 non
748 1969 881 2045 laturos,
899 1980 956 2033 aut
980 1989 1100 2051 magno
1124 1971 1271 2053 periculo
1323 1978 1324 2030 l

217 2073 347 2154 longius
371 2072 413 2135 ab
437 2071 554 2135 castris
571 2092 800 2153 processuros;
824 2091 931 2154 neque
949 2070 1119 2145 interesse,
1136 2072 1270 2153 ipsosne

216 2172 418 2237 interficiant
441 2171 729 2253 impedimentisne
753 2182 882 2247 exuant,
907 2171 1026 2254 quibus
1050 2172 1183 2237 amissis
1210 2174 1271 2237 bel·

167 2306 199 2343 20
216 2273 283 2336 lum
301 2273 371 2355 geri
394 2294 459 2335 non
484 2273 597 2355 possit.
642 2269 850 2347 ⁵Praeterea,
873 2272 994 2354 oppida
1017 2273 1151 2337 incendi
1174 2297 1269 2359 opor·

217 2386 286 2438 tere
310 2394 394 2456 quae
421 2395 486 2436 non
515 2373 699 2436 munitione
724 2383 757 2437 et
784 2374 845 2437 loci
874 2384 990 2438 natura
1015 2376 1056 2438 ab
1085 2377 1176 2439 omni
1206 2378 1270 2440 sint

216 2474 362 2558 periculo
390 2485 479 2537 tuta:
507 2495 570 2536 neu
594 2474 663 2537 suis
687 2474 753 2537 sint
778 2476 818 2537 ad
842 2475 1092 2540 detractandam
1118 2478 1269 2543 militiam

217 2574 432 2655 receptacula,
449 2595 513 2638 neu
535 2574 694 2637 Romanis
714 2575 882 2657 proposita
898 2578 937 2639 ad
959 2578 1089 2660 copiam
1106 2598 1270 2644 commea·

218 2685 271 2737 tus
287 2675 508 2756 praedamque
528 2674 716 2739 tollendam.
762 2674 879 2740 ⁶Haec
896 2677 922 2739 si
946 2680 1058 2759 gravia
1073 2692 1131 2741 aut
1154 2682 1270 2744 acerba

168 2805 198 2858 25
216 2776 398 2847 videantur,
416 2775 518 2837 multo
535 2774 589 2837 illa
611 2775 743 2855 gravius
765 2777 950 2851 aestimare,
967 2778 1094 2853 liberos
1109 2782 1270 2863 conjuges
1322 2787 1323 2821 l

217 2876 250 2937 in
270 2874 462 2939 servitutem
487 2876 642 2951 abstrahi,
659 2876 750 2959 ipsos
774 2878 934 2955 interfici;
959 2900 1041 2962 quae
1066 2879 1110 2943 sit
1133 2902 1271 2947 necesse

217 2976 369 3039 accidere
385 2974 499 3039 victis’
924 2994 930 3005 ·

266 3092 311 3156 15.
338 3076 495 3140 Omnium
513 3098 679 3142 consensu
701 3080 762 3143 hac
784 3080 950 3143 sententia
971 3081 1116 3162 probata,
1134 3103 1204 3148 uno
1219 3084 1270 3147 die

218 3178 357 3258 amplius
373 3196 420 3239 xx
437 3178 534 3241 urbes
552 3179 737 3261 Biturigum
758 3181 987 3246 incenduntur.
1036 3182 1111 3245 Hoc
1128 3182 1218 3247 idem
1236 3185 1270 3246 fit

168 3312 200 3363 30
218 3276 252 3339 in
276 3278 408 3359 reliquis
431 3279 631 3343 civitatibus.
676 3278 740 3343 2Ιη
765 3282 919 3345 omnibus
944 3282 1091 3363 partibus
1115 3282 1270 3347 incendia

218 3378 465 3459 conspiciuntur
481 3402 487 3455 ;
511 3402 595 3463 quae
611 3381 674 3443 etsi
696 3402 815 3463 magno
834 3403 908 3445 cum
926 3382 1037 3446 dolore
1055 3404 1172 3447 omnes
1190 3383 1269 3451 fere·

217 3479 307 3552 bant,
325 3489 435 3542 tamen
452 3481 514 3543 hoc
531 3481 592 3543 sibi
613 3480 722 3544 solatii
743 3484 978 3564 proponebant,
995 3482 1081 3565 quod
1106 3504 1151 3557 se,
1170 3506 1269 3567 prope

217 3578 384 3658 explorata
410 3581 557 3655 victoria,
585 3581 736 3644 celeriter
766 3582 886 3646 amissa
913 3592 1165 3665 recuperaturos
1195 3607 1268 3649 con-

220 3677 374 3742 fidebant.
420 3677 653 3743 ³Deliberatur
668 3682 710 3743 de
728 3682 869 3744 Avarico
886 3683 918 3744 in
936 3683 1102 3746 communi
1118 3686 1267 3759 concilio,
1321 3706 1322 3723 ¹

171 3803 201 3851 35
221 3777 352 3839 incendi
386 3777 529 3857 placeret
561 3800 600 3840 an
630 3779 771 3842 delendi.
832 3779 1078 3845 *Procumbunt
1113 3786 1266 3848 omnibus

222 3876 325 3939 Gallis
353 3878 392 3938 ad
424 3878 525 3958 pedes
553 3877 728 3961 bituriges,
754 3900 794 3941 ue
818 3881 1068 3963 pulcherrimam
1094 3903 1197 3967 prope
1223 3895 1265 3946 to*
