<?xml version="1.0" encoding="UTF-8"?>
<!DOCTYPE html PUBLIC "-//W3C//DTD XHTML 1.0 Transitional//EN"
    "http://www.w3.org/TR/xhtml1/DTD/xhtml1-transitional.dtd">
<html xmlns="http://www.w3.org/1999/xhtml" xml:lang="en" lang="en">
 <head>
  <title>
</title>
<meta http-equiv="Content-Type" content="text/html;charset=utf-8" />
  <meta name='ocr-system' content='tesseract 3.04.00' />
  <meta name='ocr-capabilities' content='ocr_page ocr_carea ocr_par ocr_line ocrx_word'/>
</head>
<body>
  <div class='ocr_page' id='page_1' title='image "./caesarsgallicwa01greegoog_0192.png"; bbox 0 0 2667 4159; ppageno 0'>
   <div class='ocr_carea' id='block_1_1' title="bbox 246 199 1294 285">
    <p class='ocr_par' dir='ltr' id='par_1_1' title="bbox 246 199 1294 285">
     <span class='ocr_line' id='line_1_1' title="bbox 246 199 1294 285; baseline -0.018 -9"><span class='ocrx_word' id='word_1_1' title='bbox 246 212 308 276; x_wconf 91' lang='lat'><strong>160</strong></span> <span class='ocrx_word' id='word_1_2' title='bbox 445 207 511 270; x_wconf 83' lang='lat' dir='ltr'><strong>lee</strong></span> <span class='ocrx_word' id='word_1_3' title='bbox 523 206 665 269; x_wconf 81' lang='lat' dir='ltr'><strong>AEduan</strong></span> <span class='ocrx_word' id='word_1_4' title='bbox 682 204 943 285; x_wconf 80' lang='lat' dir='ltr'><strong>Rez&#39;nforcement</strong></span> <span class='ocrx_word' id='word_1_5' title='bbox 957 203 1079 264; x_wconf 78' lang='lat' dir='ltr'><strong>deserts.</strong></span> <span class='ocrx_word' id='word_1_6' title='bbox 1170 199 1294 269; x_wconf 77' lang='lat' dir='ltr'><strong>[CAESAR</strong></span> 
     </span>
    </p>
   </div>
   <div class='ocr_carea' id='block_1_2' title="bbox 196 393 1299 1894">
    <p class='ocr_par' dir='ltr' id='par_1_2' title="bbox 242 393 1296 485">
     <span class='ocr_line' id='line_1_2' title="bbox 242 393 1296 485; baseline -0.011 -17"><span class='ocrx_word' id='word_1_7' title='bbox 242 426 309 478; x_wconf 91' lang='lat' dir='ltr'><strong>sus,</strong></span> <span class='ocrx_word' id='word_1_8' title='bbox 327 402 518 485; x_wconf 88' lang='lat' dir='ltr'>priusquam</span> <span class='ocrx_word' id='word_1_9' title='bbox 535 398 683 462; x_wconf 90' lang='lat' dir='ltr'><strong>subsidio</strong></span> <span class='ocrx_word' id='word_1_10' title='bbox 699 417 740 459; x_wconf 86' lang='lat' dir='ltr'><strong>ex</strong></span> <span class='ocrx_word' id='word_1_11' title='bbox 763 396 883 478; x_wconf 91' lang='lat' dir='ltr'><strong>oppido</strong></span> <span class='ocrx_word' id='word_1_12' title='bbox 899 394 1002 456; x_wconf 88' lang='lat' dir='ltr'><strong>veniri</strong></span> <span class='ocrx_word' id='word_1_13' title='bbox 1027 404 1147 474; x_wconf 90' lang='lat' dir='ltr'><strong>posset,</strong></span> <span class='ocrx_word' id='word_1_14' title='bbox 1165 393 1296 476; x_wconf 85' lang='lat' dir='ltr'><strong>dejecto</strong></span> 
     </span>
    </p>

    <p class='ocr_par' dir='ltr' id='par_1_3' title="bbox 243 493 1297 588">
     <span class='ocr_line' id='line_1_3' title="bbox 243 493 1297 588; baseline -0.01 -20"><span class='ocrx_word' id='word_1_15' title='bbox 243 504 415 588; x_wconf 89' lang='lat' dir='ltr'><strong>praesidi0,</strong></span> <span class='ocrx_word' id='word_1_16' title='bbox 439 500 565 584; x_wconf 92' lang='lat' dir='ltr'><strong>potitus</strong></span> <span class='ocrx_word' id='word_1_17' title='bbox 587 498 668 572; x_wconf 89' lang='lat' dir='ltr'><strong>loco,</strong></span> <span class='ocrx_word' id='word_1_18' title='bbox 692 499 772 560; x_wconf 91' lang='lat' dir='ltr'><strong>duas</strong></span> <span class='ocrx_word' id='word_1_19' title='bbox 798 497 841 558; x_wconf 90' lang='lat' dir='ltr'><strong>ibi</strong></span> <span class='ocrx_word' id='word_1_20' title='bbox 864 496 1012 577; x_wconf 87' lang='lat' dir='ltr'><strong>legiones</strong></span> <span class='ocrx_word' id='word_1_21' title='bbox 1035 494 1217 570; x_wconf 87' lang='lat' dir='ltr'><strong>collocavit,</strong></span> <span class='ocrx_word' id='word_1_22' title='bbox 1233 493 1297 558; x_wconf 79' lang='lat' dir='ltr'><strong>ios-</strong></span> 
     </span>
    </p>

    <p class='ocr_par' dir='ltr' id='par_1_4' title="bbox 243 595 1297 688">
     <span class='ocr_line' id='line_1_4' title="bbox 243 595 1297 688; baseline -0.011 -19"><span class='ocrx_word' id='word_1_23' title='bbox 243 626 378 688; x_wconf 85' lang='lat' dir='ltr'><strong>samque</strong></span> <span class='ocrx_word' id='word_1_24' title='bbox 394 602 559 685; x_wconf 82' lang='lat' dir='ltr'><strong>duplicem</strong></span> <span class='ocrx_word' id='word_1_25' title='bbox 577 600 765 662; x_wconf 91' lang='lat' dir='ltr'><strong>duodenum</strong></span> <span class='ocrx_word' id='word_1_26' title='bbox 791 599 908 678; x_wconf 93' lang='lat' dir='ltr'><strong>pedum</strong></span> <span class='ocrx_word' id='word_1_27' title='bbox 934 617 953 658; x_wconf 92' lang='lat' dir='ltr'><strong>a</strong></span> <span class='ocrx_word' id='word_1_28' title='bbox 976 595 1155 676; x_wconf 87' lang='lat' dir='ltr'><strong>majoribus</strong></span> <span class='ocrx_word' id='word_1_29' title='bbox 1179 597 1297 659; x_wconf 91' lang='lat' dir='ltr'><strong>castris</strong></span> 
     </span>
    </p>

    <p class='ocr_par' dir='ltr' id='par_1_5' title="bbox 212 695 1299 885">
     <span class='ocr_line' id='line_1_5' title="bbox 243 695 1299 784; baseline -0.011 -14"><span class='ocrx_word' id='word_1_30' title='bbox 243 708 283 770; x_wconf 93' lang='lat' dir='ltr'><strong>ad</strong></span> <span class='ocrx_word' id='word_1_31' title='bbox 307 707 434 772; x_wconf 91' lang='lat' dir='ltr'><strong>minora</strong></span> <span class='ocrx_word' id='word_1_32' title='bbox 457 701 620 784; x_wconf 84' lang='lat' dir='ltr'><strong>perduxit,</strong></span> <span class='ocrx_word' id='word_1_33' title='bbox 646 710 683 762; x_wconf 91' lang='lat' dir='ltr'><strong>ut</strong></span> <span class='ocrx_word' id='word_1_34' title='bbox 715 708 786 761; x_wconf 88' lang='lat' dir='ltr'><strong>tuto</strong></span> <span class='ocrx_word' id='word_1_35' title='bbox 813 698 854 760; x_wconf 90' lang='lat' dir='ltr'><strong>ab</strong></span> <span class='ocrx_word' id='word_1_36' title='bbox 881 695 1054 778; x_wconf 91' lang='lat' dir='ltr'><strong>repentino</strong></span> <span class='ocrx_word' id='word_1_37' title='bbox 1082 696 1230 759; x_wconf 85' lang='lat' dir='ltr'><strong>hostium</strong></span> <span class='ocrx_word' id='word_1_38' title='bbox 1256 697 1299 758; x_wconf 91' lang='lat' dir='ltr'><strong>in·</strong></span> 
     </span>
     <span class='ocr_line' id='line_1_6' title="bbox 212 801 992 885; baseline -0.015 -13"><span class='ocrx_word' id='word_1_39' title='bbox 212 827 341 885; x_wconf 75' lang='lat' dir='ltr'><strong>scursu</strong></span> <span class='ocrx_word' id='word_1_40' title='bbox 366 806 467 868; x_wconf 90' lang='lat' dir='ltr'><strong>etiam</strong></span> <span class='ocrx_word' id='word_1_41' title='bbox 492 801 613 884; x_wconf 86' lang='lat' dir='ltr'>singuli</span> <span class='ocrx_word' id='word_1_42' title='bbox 638 819 823 863; x_wconf 89' lang='lat' dir='ltr'><strong>commeare</strong></span> <span class='ocrx_word' id='word_1_43' title='bbox 847 807 992 879; x_wconf 87' lang='lat' dir='ltr'><strong>possent.</strong></span> 
     </span>
    </p>

    <p class='ocr_par' dir='ltr' id='par_1_6' title="bbox 244 896 1299 1284">
     <span class='ocr_line' id='line_1_7' title="bbox 289 896 1299 989; baseline -0.011 -18"><span class='ocrx_word' id='word_1_44' title='bbox 289 924 337 989; x_wconf 87' lang='lat'><strong>37.</strong></span> <span class='ocrx_word' id='word_1_45' title='bbox 363 908 452 971; x_wconf 88' lang='lat' dir='ltr'><strong>Dum</strong></span> <span class='ocrx_word' id='word_1_46' title='bbox 471 906 551 968; x_wconf 89' lang='lat' dir='ltr'><strong>haee</strong></span> <span class='ocrx_word' id='word_1_47' title='bbox 567 902 607 966; x_wconf 94' lang='lat' dir='ltr'><strong>ad</strong></span> <span class='ocrx_word' id='word_1_48' title='bbox 627 900 825 981; x_wconf 87' lang='lat' dir='ltr'><strong>Gergoviam</strong></span> <span class='ocrx_word' id='word_1_49' title='bbox 843 907 1010 980; x_wconf 88' lang='lat' dir='ltr'><strong>geruntur,</strong></span> <span class='ocrx_word' id='word_1_50' title='bbox 1025 896 1299 960; x_wconf 91' lang='lat' dir='ltr'><strong>Convictolitavis</strong></span> 
     </span>
     <span class='ocr_line' id='line_1_8' title="bbox 246 997 1299 1084; baseline -0.012 -11"><span class='ocrx_word' id='word_1_51' title='bbox 246 1010 416 1083; x_wconf 69' lang='lat' dir='ltr'><strong>Haeduus</strong></span> <span class='ocrx_word' id='word_1_52' title='bbox 440 1006 493 1070; x_wconf 93' lang='lat' dir='ltr'><strong>cui</strong></span> <span class='ocrx_word' id='word_1_53' title='bbox 521 1002 753 1084; x_wconf 89' lang='lat' dir='ltr'><strong>magistratum</strong></span> <span class='ocrx_word' id='word_1_54' title='bbox 782 998 1004 1080; x_wconf 86' lang='lat' dir='ltr'><strong>adjudicatum</strong></span> <span class='ocrx_word' id='word_1_55' title='bbox 1031 1018 1050 1061; x_wconf 92' lang='lat' dir='ltr'><strong>a</strong></span> <span class='ocrx_word' id='word_1_56' title='bbox 1077 997 1224 1062; x_wconf 86' lang='lat' dir='ltr'><strong>Caesare</strong></span> <span class='ocrx_word' id='word_1_57' title='bbox 1250 1000 1299 1060; x_wconf 90' lang='lat' dir='ltr'><strong>de·</strong></span> 
     </span>
     <span class='ocr_line' id='line_1_9' title="bbox 244 1099 1297 1183; baseline -0.013 -9"><span class='ocrx_word' id='word_1_58' title='bbox 244 1108 507 1179; x_wconf 90' lang='lat' dir='ltr'><strong>monstravimus,</strong></span> <span class='ocrx_word' id='word_1_59' title='bbox 521 1103 716 1168; x_wconf 87' lang='lat' dir='ltr'><strong>sollicitatus</strong></span> <span class='ocrx_word' id='word_1_60' title='bbox 734 1101 776 1163; x_wconf 93' lang='lat' dir='ltr'><strong>ab</strong></span> <span class='ocrx_word' id='word_1_61' title='bbox 791 1099 952 1163; x_wconf 86' lang='lat' dir='ltr'><strong>Arvernis</strong></span> <span class='ocrx_word' id='word_1_62' title='bbox 970 1099 1118 1180; x_wconf 87' lang='lat' dir='ltr'><strong>pecunia,</strong></span> <span class='ocrx_word' id='word_1_63' title='bbox 1135 1120 1214 1162; x_wconf 91' lang='lat' dir='ltr'><strong>cum</strong></span> <span class='ocrx_word' id='word_1_64' title='bbox 1232 1100 1297 1183; x_wconf 90' lang='lat' dir='ltr'><strong>qui·</strong></span> 
     </span>
     <span class='ocr_line' id='line_1_10' title="bbox 244 1201 1298 1284; baseline -0.009 -10"><span class='ocrx_word' id='word_1_65' title='bbox 244 1211 383 1274; x_wconf 92' lang='lat' dir='ltr'><strong>busdam</strong></span> <span class='ocrx_word' id='word_1_66' title='bbox 396 1205 665 1272; x_wconf 83' lang='lat' dir='ltr'><strong>adulescentibus</strong></span> <span class='ocrx_word' id='word_1_67' title='bbox 679 1201 886 1284; x_wconf 86' lang='lat' dir='ltr'><strong>colloquitur,</strong></span> <span class='ocrx_word' id='word_1_68' title='bbox 900 1219 1037 1282; x_wconf 89' lang='lat' dir='ltr'><strong>quorum</strong></span> <span class='ocrx_word' id='word_1_69' title='bbox 1055 1212 1124 1263; x_wconf 92' lang='lat' dir='ltr'><strong>erat</strong></span> <span class='ocrx_word' id='word_1_70' title='bbox 1141 1201 1298 1283; x_wconf 83' lang='lat' dir='ltr'><strong>princeps</strong></span> 
     </span>
    </p>

    <p class='ocr_par' dir='ltr' id='par_1_7' title="bbox 196 1298 1298 1894">
     <span class='ocr_line' id='line_1_11' title="bbox 197 1298 1298 1391; baseline -0.011 -15"><span class='ocrx_word' id='word_1_71' title='bbox 197 1351 227 1389; x_wconf 77' lang='lat'><strong>10</strong></span> <span class='ocrx_word' id='word_1_72' title='bbox 246 1311 415 1375; x_wconf 91' lang='lat' dir='ltr'><strong>Litavicus</strong></span> <span class='ocrx_word' id='word_1_73' title='bbox 445 1320 545 1391; x_wconf 91' lang='lat' dir='ltr'><strong>atque</strong></span> <span class='ocrx_word' id='word_1_74' title='bbox 576 1306 649 1388; x_wconf 82' lang='lat' dir='ltr'><strong>ejus</strong></span> <span class='ocrx_word' id='word_1_75' title='bbox 680 1302 810 1376; x_wconf 84' lang='lat' dir='ltr'><strong>iratres,</strong></span> <span class='ocrx_word' id='word_1_76' title='bbox 839 1299 1043 1382; x_wconf 87' lang='lat' dir='ltr'><strong>amplissima</strong></span> <span class='ocrx_word' id='word_1_77' title='bbox 1074 1298 1200 1364; x_wconf 88' lang='lat' dir='ltr'><strong>lamilia</strong></span> <span class='ocrx_word' id='word_1_78' title='bbox 1233 1302 1298 1364; x_wconf 90' lang='lat' dir='ltr'><strong>nati</strong></span> 
     </span>
     <span class='ocr_line' id='line_1_12' title="bbox 196 1402 1298 1491; baseline -0.009 -15"><span class='ocrx_word' id='word_1_79' title='bbox 196 1486 200 1491; x_wconf 16' lang='lat'><strong>⁴</strong></span> <span class='ocrx_word' id='word_1_80' title='bbox 244 1413 481 1476; x_wconf 86' lang='lat' dir='ltr'><strong>adulescentes</strong></span> <span class='ocrx_word' id='word_1_81' title='bbox 527 1404 635 1471; x_wconf 85' lang='lat' dir='ltr'><strong>2Cum</strong></span> <span class='ocrx_word' id='word_1_82' title='bbox 660 1405 712 1469; x_wconf 91' lang='lat' dir='ltr'><strong>bis</strong></span> <span class='ocrx_word' id='word_1_83' title='bbox 736 1403 916 1487; x_wconf 90' lang='lat' dir='ltr'><strong>praemium</strong></span> <span class='ocrx_word' id='word_1_84' title='bbox 938 1402 1170 1478; x_wconf 86' lang='lat' dir='ltr'><strong>communicat,</strong></span> <span class='ocrx_word' id='word_1_85' title='bbox 1190 1403 1298 1466; x_wconf 89' lang='lat' dir='ltr'><strong>horta·</strong></span> 
     </span>
     <span class='ocr_line' id='line_1_13' title="bbox 245 1491 1295 1596; baseline -0.008 -20"><span class='ocrx_word' id='word_1_86' title='bbox 245 1523 363 1596; x_wconf 89' lang='lat' dir='ltr'><strong>turque</strong></span> <span class='ocrx_word' id='word_1_87' title='bbox 396 1522 434 1575; x_wconf 91' lang='lat' dir='ltr'><strong>ut</strong></span> <span class='ocrx_word' id='word_1_88' title='bbox 464 1530 501 1573; x_wconf 94' lang='lat' dir='ltr'><strong>se</strong></span> <span class='ocrx_word' id='word_1_89' title='bbox 536 1509 656 1571; x_wconf 92' lang='lat' dir='ltr'><strong>liberos</strong></span> <span class='ocrx_word' id='word_1_90' title='bbox 694 1517 727 1570; x_wconf 91' lang='lat' dir='ltr'><strong>et</strong></span> <span class='ocrx_word' id='word_1_91' title='bbox 765 1491 901 1587; x_wconf 84' lang='lat' dir='ltr'><strong>imperio</strong></span> <span class='ocrx_word' id='word_1_92' title='bbox 934 1514 1029 1568; x_wconf 89' lang='lat' dir='ltr'><strong>natos</strong></span> <span class='ocrx_word' id='word_1_93' title='bbox 1065 1496 1295 1568; x_wconf 87' lang='lat' dir='ltr'><strong>meminerint:</strong></span> 
     </span>
     <span class='ocr_line' id='line_1_14' title="bbox 242 1605 1296 1687; baseline -0.009 -10"><span class='ocrx_word' id='word_1_94' title='bbox 242 1611 272 1653; x_wconf 76' lang='lat'><strong>⁸⁶</strong></span> <span class='ocrx_word' id='word_1_95' title='bbox 287 1614 398 1677; x_wconf 89' lang='lat' dir='ltr'><strong>Unam</strong></span> <span class='ocrx_word' id='word_1_96' title='bbox 423 1631 497 1674; x_wconf 89' lang='lat' dir='ltr'><strong>esse</strong></span> <span class='ocrx_word' id='word_1_97' title='bbox 527 1609 742 1671; x_wconf 87' lang='lat' dir='ltr'><strong>Haeduorum</strong></span> <span class='ocrx_word' id='word_1_98' title='bbox 767 1605 945 1679; x_wconf 87' lang='lat' dir='ltr'><strong>civitatem,</strong></span> <span class='ocrx_word' id='word_1_99' title='bbox 969 1625 1053 1687; x_wconf 89' lang='lat' dir='ltr'><strong>quae</strong></span> <span class='ocrx_word' id='word_1_100' title='bbox 1080 1605 1296 1669; x_wconf 86' lang='lat' dir='ltr'><strong>certissimam</strong></span> 
     </span>
     <span class='ocr_line' id='line_1_15' title="bbox 245 1706 1296 1791; baseline -0.009 -14"><span class='ocrx_word' id='word_1_101' title='bbox 245 1713 371 1777; x_wconf 91' lang='lat' dir='ltr'><strong>Galliae</strong></span> <span class='ocrx_word' id='word_1_102' title='bbox 404 1710 571 1774; x_wconf 85' lang='lat' dir='ltr'><strong>victoriam</strong></span> <span class='ocrx_word' id='word_1_103' title='bbox 608 1708 778 1783; x_wconf 88' lang='lat' dir='ltr'><strong>detineat;</strong></span> <span class='ocrx_word' id='word_1_104' title='bbox 815 1706 888 1789; x_wconf 84' lang='lat' dir='ltr'><strong>ejus</strong></span> <span class='ocrx_word' id='word_1_105' title='bbox 924 1707 1121 1769; x_wconf 89' lang='lat' dir='ltr'><strong>auctoritate</strong></span> <span class='ocrx_word' id='word_1_106' title='bbox 1156 1709 1296 1791; x_wconf 89' lang='lat' dir='ltr'><strong>reliquas</strong></span> 
     </span>
     <span class='ocr_line' id='line_1_16' title="bbox 198 1809 1295 1894; baseline -0.001 -23"><span class='ocrx_word' id='word_1_107' title='bbox 198 1836 226 1888; x_wconf 81' lang='lat'><strong>15</strong></span> <span class='ocrx_word' id='word_1_108' title='bbox 244 1813 425 1888; x_wconf 89' lang='lat' dir='ltr'><strong>contineri;</strong></span> <span class='ocrx_word' id='word_1_109' title='bbox 450 1831 516 1894; x_wconf 91' lang='lat' dir='ltr'><strong>qua</strong></span> <span class='ocrx_word' id='word_1_110' title='bbox 539 1811 697 1884; x_wconf 88' lang='lat' dir='ltr'><strong>traducta,</strong></span> <span class='ocrx_word' id='word_1_111' title='bbox 714 1809 822 1872; x_wconf 92' lang='lat' dir='ltr'><strong>locum</strong></span> <span class='ocrx_word' id='word_1_112' title='bbox 847 1809 1050 1872; x_wconf 90' lang='lat' dir='ltr'><strong>consistendi</strong></span> <span class='ocrx_word' id='word_1_113' title='bbox 1078 1809 1244 1873; x_wconf 92' lang='lat' dir='ltr'><strong>Romanis</strong></span> <span class='ocrx_word' id='word_1_114' title='bbox 1267 1812 1295 1870; x_wconf 93' lang='lat' dir='ltr'><strong>in</strong></span> 
     </span>
    </p>
   </div>
   <div class='ocr_carea' id='block_1_3' title="bbox 245 1909 1322 1978">
    <p class='ocr_par' dir='ltr' id='par_1_8' title="bbox 245 1909 1322 1978">
     <span class='ocr_line' id='line_1_17' title="bbox 245 1909 1322 1978; baseline -0.011 0"><span class='ocrx_word' id='word_1_115' title='bbox 245 1915 351 1978; x_wconf 89' lang='lat' dir='ltr'><strong>Gallia</strong></span> <span class='ocrx_word' id='word_1_116' title='bbox 377 1934 443 1975; x_wconf 94' lang='lat' dir='ltr'><strong>non</strong></span> <span class='ocrx_word' id='word_1_117' title='bbox 475 1909 564 1973; x_wconf 82' lang='lat' dir='ltr'><strong>fore:</strong></span> <span class='ocrx_word' id='word_1_118' title='bbox 594 1931 668 1973; x_wconf 90' lang='lat' dir='ltr'><strong>esse</strong></span> <span class='ocrx_word' id='word_1_119' title='bbox 699 1911 856 1974; x_wconf 92' lang='lat' dir='ltr'><strong>nonnullo</strong></span> <span class='ocrx_word' id='word_1_120' title='bbox 885 1931 922 1974; x_wconf 90' lang='lat' dir='ltr'><strong>se</strong></span> <span class='ocrx_word' id='word_1_121' title='bbox 954 1910 1104 1973; x_wconf 86' lang='lat' dir='ltr'><strong>Caesaris</strong></span> <span class='ocrx_word' id='word_1_122' title='bbox 1136 1910 1322 1974; x_wconf 32' lang='lat' dir='ltr'><strong>beneficio,</strong></span> 
     </span>
    </p>
   </div>
   <div class='ocr_carea' id='block_1_4' title="bbox 244 2011 1293 2102">
    <p class='ocr_par' dir='ltr' id='par_1_9' title="bbox 244 2011 1293 2102">
     <span class='ocr_line' id='line_1_18' title="bbox 244 2011 1293 2102; baseline -0.003 -23"><span class='ocrx_word' id='word_1_123' title='bbox 244 2013 408 2089; x_wconf 82' lang='lat' dir='ltr'><strong>affectum,</strong></span> <span class='ocrx_word' id='word_1_124' title='bbox 434 2015 480 2077; x_wconf 94' lang='lat' dir='ltr'><strong>sic</strong></span> <span class='ocrx_word' id='word_1_125' title='bbox 508 2027 619 2076; x_wconf 90' lang='lat' dir='ltr'><strong>tamen</strong></span> <span class='ocrx_word' id='word_1_126' title='bbox 644 2023 681 2076; x_wconf 90' lang='lat' dir='ltr'><strong>ut</strong></span> <span class='ocrx_word' id='word_1_127' title='bbox 707 2011 925 2096; x_wconf 86' lang='lat' dir='ltr'><strong>justissimam</strong></span> <span class='ocrx_word' id='word_1_128' title='bbox 951 2016 1037 2098; x_wconf 93' lang='lat' dir='ltr'><strong>apud</strong></span> <span class='ocrx_word' id='word_1_129' title='bbox 1065 2035 1139 2078; x_wconf 92' lang='lat' dir='ltr'><strong>eum</strong></span> <span class='ocrx_word' id='word_1_130' title='bbox 1165 2035 1293 2102; x_wconf 69' lang='lat' dir='ltr'><strong>causam</strong></span> 
     </span>
    </p>
   </div>
   <div class='ocr_carea' id='block_1_5' title="bbox 244 2103 1321 2196">
    <p class='ocr_par' dir='ltr' id='par_1_10' title="bbox 244 2103 1321 2196">
     <span class='ocr_line' id='line_1_19' title="bbox 244 2103 1321 2196; baseline -0.005 -16"><span class='ocrx_word' id='word_1_131' title='bbox 244 2116 445 2190; x_wconf 91' lang='lat' dir='ltr'><strong>obtinuerit;</strong></span> <span class='ocrx_word' id='word_1_132' title='bbox 469 2115 527 2177; x_wconf 89' lang='lat' dir='ltr'><strong>sed</strong></span> <span class='ocrx_word' id='word_1_133' title='bbox 551 2115 625 2196; x_wconf 92' lang='lat' dir='ltr'><strong>plus</strong></span> <span class='ocrx_word' id='word_1_134' title='bbox 649 2115 816 2177; x_wconf 92' lang='lat' dir='ltr'><strong>communi</strong></span> <span class='ocrx_word' id='word_1_135' title='bbox 840 2115 984 2178; x_wconf 87' lang='lat' dir='ltr'><strong>libertati</strong></span> <span class='ocrx_word' id='word_1_136' title='bbox 1008 2103 1160 2179; x_wconf 84' lang='lat' dir='ltr'><strong>tribuere.</strong></span> <span class='ocrx_word' id='word_1_137' title='bbox 1209 2115 1296 2179; x_wconf 79' lang='lat' dir='ltr'><strong>4Cur</strong></span> <span class='ocrx_word' id='word_1_138' title='bbox 1320 2155 1321 2162; x_wconf 22' lang='grc' dir='ltr'><strong>κ</strong></span> 
     </span>
    </p>
   </div>
   <div class='ocr_carea' id='block_1_6' title="bbox 197 2214 1296 2918">
    <p class='ocr_par' dir='ltr' id='par_1_11' title="bbox 197 2214 1296 2918">
     <span class='ocr_line' id='line_1_20' title="bbox 245 2214 1294 2299; baseline -0.003 -19"><span class='ocrx_word' id='word_1_139' title='bbox 245 2218 333 2280; x_wconf 91' lang='lat' dir='ltr'><strong>enirn</strong></span> <span class='ocrx_word' id='word_1_140' title='bbox 350 2216 459 2297; x_wconf 91' lang='lat' dir='ltr'><strong>potius</strong></span> <span class='ocrx_word' id='word_1_141' title='bbox 479 2214 611 2278; x_wconf 91' lang='lat' dir='ltr'><strong>Haedui</strong></span> <span class='ocrx_word' id='word_1_142' title='bbox 635 2216 676 2277; x_wconf 91' lang='lat' dir='ltr'><strong>de</strong></span> <span class='ocrx_word' id='word_1_143' title='bbox 693 2237 752 2278; x_wconf 92' lang='lat' dir='ltr'><strong>suo</strong></span> <span class='ocrx_word' id='word_1_144' title='bbox 773 2215 844 2298; x_wconf 86' lang='lat' dir='ltr'><strong>jure</strong></span> <span class='ocrx_word' id='word_1_145' title='bbox 861 2227 894 2280; x_wconf 91' lang='lat' dir='ltr'><strong>et</strong></span> <span class='ocrx_word' id='word_1_146' title='bbox 911 2218 951 2279; x_wconf 93' lang='lat' dir='ltr'><strong>de</strong></span> <span class='ocrx_word' id='word_1_147' title='bbox 975 2217 1102 2299; x_wconf 86' lang='lat' dir='ltr'><strong>legibus</strong></span> <span class='ocrx_word' id='word_1_148' title='bbox 1118 2218 1159 2280; x_wconf 93' lang='lat' dir='ltr'><strong>ad</strong></span> <span class='ocrx_word' id='word_1_149' title='bbox 1177 2215 1294 2280; x_wconf 85' lang='lat' dir='ltr'><strong>Caesa-</strong></span> 
     </span>
     <span class='ocr_line' id='line_1_21' title="bbox 197 2315 1294 2398; baseline -0.002 -19"><span class='ocrx_word' id='word_1_150' title='bbox 197 2355 226 2390; x_wconf 84' lang='lat'><strong>20</strong></span> <span class='ocrx_word' id='word_1_151' title='bbox 246 2338 313 2380; x_wconf 89' lang='lat' dir='ltr'><strong>rem</strong></span> <span class='ocrx_word' id='word_1_152' title='bbox 330 2317 594 2398; x_wconf 88' lang='lat' dir='ltr'><strong>disceptatorem,</strong></span> <span class='ocrx_word' id='word_1_153' title='bbox 607 2336 704 2398; x_wconf 91' lang='lat' dir='ltr'><strong>quam</strong></span> <span class='ocrx_word' id='word_1_154' title='bbox 725 2317 866 2380; x_wconf 90' lang='lat' dir='ltr'><strong>Romani</strong></span> <span class='ocrx_word' id='word_1_155' title='bbox 884 2319 924 2380; x_wconf 93' lang='lat' dir='ltr'><strong>ad</strong></span> <span class='ocrx_word' id='word_1_156' title='bbox 945 2318 1102 2382; x_wconf 89' lang='lat' dir='ltr'><strong>Haeduos</strong></span> <span class='ocrx_word' id='word_1_157' title='bbox 1120 2318 1258 2381; x_wconf 91' lang='lat' dir='ltr'><strong>veniant</strong></span> <span class='ocrx_word' id='word_1_158' title='bbox 1270 2315 1294 2377; x_wconf 82' lang='lat' dir='ltr'><strong>l’</strong></span> 
     </span>
     <span class='ocr_line' id='line_1_22' title="bbox 244 2416 1294 2500; baseline -0.005 -18"><span class='ocrx_word' id='word_1_159' title='bbox 244 2416 428 2482; x_wconf 77' lang='lat' dir='ltr'><strong>⁵Celeriter</strong></span> <span class='ocrx_word' id='word_1_160' title='bbox 461 2416 728 2480; x_wconf 86' lang='lat' dir='ltr'><strong>adulescentibus</strong></span> <span class='ocrx_word' id='word_1_161' title='bbox 766 2429 798 2480; x_wconf 90' lang='lat' dir='ltr'><strong>et</strong></span> <span class='ocrx_word' id='word_1_162' title='bbox 833 2419 980 2481; x_wconf 89' lang='lat' dir='ltr'><strong>oratione</strong></span> <span class='ocrx_word' id='word_1_163' title='bbox 1015 2418 1231 2500; x_wconf 87' lang='lat' dir='ltr'><strong>magistratus</strong></span> <span class='ocrx_word' id='word_1_164' title='bbox 1267 2430 1294 2480; x_wconf 86' lang='lat' dir='ltr'><strong>et</strong></span> 
     </span>
     <span class='ocr_line' id='line_1_23' title="bbox 245 2511 1296 2601; baseline -0.002 -21"><span class='ocrx_word' id='word_1_165' title='bbox 245 2518 390 2601; x_wconf 89' lang='lat' dir='ltr'><strong>praemio</strong></span> <span class='ocrx_word' id='word_1_166' title='bbox 405 2517 566 2590; x_wconf 90' lang='lat' dir='ltr'><strong>deductis,</strong></span> <span class='ocrx_word' id='word_1_167' title='bbox 583 2537 657 2580; x_wconf 91' lang='lat' dir='ltr'><strong>cum</strong></span> <span class='ocrx_word' id='word_1_168' title='bbox 679 2537 715 2581; x_wconf 91' lang='lat' dir='ltr'><strong>se</strong></span> <span class='ocrx_word' id='word_1_169' title='bbox 732 2518 782 2580; x_wconf 91' lang='lat' dir='ltr'><strong>vel</strong></span> <span class='ocrx_word' id='word_1_170' title='bbox 807 2511 972 2599; x_wconf 82' lang='lat' dir='ltr'><strong>principes</strong></span> <span class='ocrx_word' id='word_1_171' title='bbox 990 2520 1060 2600; x_wconf 84' lang='lat' dir='ltr'><strong>ejus&#39;</strong></span> <span class='ocrx_word' id='word_1_172' title='bbox 1077 2519 1208 2582; x_wconf 88' lang='lat' dir='ltr'><strong>consilii</strong></span> <span class='ocrx_word' id='word_1_173' title='bbox 1234 2517 1296 2582; x_wconf 84' lang='lat' dir='ltr'><strong>fore</strong></span> 
     </span>
     <span class='ocr_line' id='line_1_24' title="bbox 246 2617 1295 2702; baseline -0.002 -22"><span class='ocrx_word' id='word_1_174' title='bbox 246 2619 486 2700; x_wconf 88' lang='lat' dir='ltr'><strong>profiterentur,</strong></span> <span class='ocrx_word' id='word_1_175' title='bbox 515 2617 597 2680; x_wconf 89' lang='lat' dir='ltr'><strong>ratio</strong></span> <span class='ocrx_word' id='word_1_176' title='bbox 629 2617 820 2698; x_wconf 86' lang='lat' dir='ltr'><strong>perficiendi</strong></span> <span class='ocrx_word' id='word_1_177' title='bbox 849 2619 1076 2700; x_wconf 88' lang='lat' dir='ltr'><strong>quaerebatur,</strong></span> <span class='ocrx_word' id='word_1_178' title='bbox 1104 2619 1192 2702; x_wconf 91' lang='lat' dir='ltr'><strong>quod</strong></span> <span class='ocrx_word' id='word_1_179' title='bbox 1224 2618 1295 2682; x_wconf 90' lang='lat' dir='ltr'><strong>civi·</strong></span> 
     </span>
     <span class='ocr_line' id='line_1_25' title="bbox 246 2719 1293 2802; baseline -0.003 -20"><span class='ocrx_word' id='word_1_180' title='bbox 246 2729 347 2782; x_wconf 88' lang='lat' dir='ltr'><strong>tatem</strong></span> <span class='ocrx_word' id='word_1_181' title='bbox 365 2730 488 2781; x_wconf 88' lang='lat' dir='ltr'><strong>temere</strong></span> <span class='ocrx_word' id='word_1_182' title='bbox 504 2719 544 2779; x_wconf 90' lang='lat' dir='ltr'><strong>ad</strong></span> <span class='ocrx_word' id='word_1_183' title='bbox 569 2719 815 2801; x_wconf 88' lang='lat' dir='ltr'><strong>suscipiendum</strong></span> <span class='ocrx_word' id='word_1_184' title='bbox 836 2719 957 2781; x_wconf 90' lang='lat' dir='ltr'><strong>bellum</strong></span> <span class='ocrx_word' id='word_1_185' title='bbox 974 2720 1092 2782; x_wconf 92' lang='lat' dir='ltr'><strong>adduci</strong></span> <span class='ocrx_word' id='word_1_186' title='bbox 1117 2741 1218 2802; x_wconf 89' lang='lat' dir='ltr'><strong>posse</strong></span> <span class='ocrx_word' id='word_1_187' title='bbox 1235 2739 1293 2781; x_wconf 92' lang='lat' dir='ltr'><strong>non</strong></span> 
     </span>
     <span class='ocr_line' id='line_1_26' title="bbox 197 2815 1294 2918; baseline -0.004 -36"><span class='ocrx_word' id='word_1_188' title='bbox 197 2853 226 2903; x_wconf 79' lang='lat'><strong>25</strong></span> <span class='ocrx_word' id='word_1_189' title='bbox 246 2819 464 2882; x_wconf 90' lang='lat' dir='ltr'><strong>confidebant.</strong></span> <span class='ocrx_word' id='word_1_190' title='bbox 510 2815 657 2882; x_wconf 84' lang='lat' dir='ltr'><strong>6Placuit</strong></span> <span class='ocrx_word' id='word_1_191' title='bbox 683 2830 718 2881; x_wconf 95' lang='lat' dir='ltr'><strong>ut</strong></span> <span class='ocrx_word' id='word_1_192' title='bbox 744 2819 1053 2918; x_wconf 35' lang='lat' dir='ltr'><strong>Litavicus‘dccem</strong></span> <span class='ocrx_word' id='word_1_193' title='bbox 1078 2820 1141 2883; x_wconf 95' lang='lat' dir='ltr'><strong>illis</strong></span> <span class='ocrx_word' id='word_1_194' title='bbox 1167 2822 1294 2883; x_wconf 89' lang='lat' dir='ltr'><strong>milibus</strong></span> 
     </span>
    </p>
   </div>
   <div class='ocr_carea' id='block_1_7' title="bbox 246 2918 1317 3003">
    <p class='ocr_par' dir='ltr' id='par_1_12' title="bbox 246 2918 1317 3003">
     <span class='ocr_line' id='line_1_27' title="bbox 246 2918 1317 3003; baseline -0.002 -21"><span class='ocrx_word' id='word_1_195' title='bbox 246 2940 331 3003; x_wconf 92' lang='lat' dir='ltr'><strong>quae</strong></span> <span class='ocrx_word' id='word_1_196' title='bbox 348 2918 482 2982; x_wconf 86' lang='lat' dir='ltr'><strong>Caesari</strong></span> <span class='ocrx_word' id='word_1_197' title='bbox 502 2920 542 2981; x_wconf 92' lang='lat' dir='ltr'><strong>ad</strong></span> <span class='ocrx_word' id='word_1_198' title='bbox 567 2921 688 2983; x_wconf 93' lang='lat' dir='ltr'><strong>bellum</strong></span> <span class='ocrx_word' id='word_1_199' title='bbox 706 2920 924 2995; x_wconf 88' lang='lat' dir='ltr'><strong>mitterentur,</strong></span> <span class='ocrx_word' id='word_1_200' title='bbox 941 2921 1181 3001; x_wconf 85' lang='lat' dir='ltr'><strong>praeficeretur,</strong></span> <span class='ocrx_word' id='word_1_201' title='bbox 1199 2933 1295 3003; x_wconf 91' lang='lat' dir='ltr'><strong>atque</strong></span> <span class='ocrx_word' id='word_1_202' title='bbox 1316 2963 1317 2974; x_wconf 54' lang='lat'><strong>,</strong></span> 
     </span>
    </p>
   </div>
   <div class='ocr_carea' id='block_1_8' title="bbox 197 3019 1316 3904">
    <p class='ocr_par' dir='ltr' id='par_1_13' title="bbox 197 3019 1316 3904">
     <span class='ocr_line' id='line_1_28' title="bbox 246 3019 1296 3104; baseline -0.002 -20"><span class='ocrx_word' id='word_1_203' title='bbox 246 3041 285 3084; x_wconf 90' lang='lat' dir='ltr'><strong>ea</strong></span> <span class='ocrx_word' id='word_1_204' title='bbox 308 3021 460 3083; x_wconf 91' lang='lat' dir='ltr'><strong>ducenda</strong></span> <span class='ocrx_word' id='word_1_205' title='bbox 483 3032 621 3094; x_wconf 91' lang='lat' dir='ltr'><strong>curaret,</strong></span> <span class='ocrx_word' id='word_1_206' title='bbox 643 3019 825 3103; x_wconf 77' lang='lat' dir='ltr'><strong>fratresque</strong></span> <span class='ocrx_word' id='word_1_207' title='bbox 846 3019 919 3102; x_wconf 90' lang='lat' dir='ltr'><strong>ejus</strong></span> <span class='ocrx_word' id='word_1_208' title='bbox 943 3022 982 3083; x_wconf 91' lang='lat' dir='ltr'><strong>ad</strong></span> <span class='ocrx_word' id='word_1_209' title='bbox 1009 3021 1182 3084; x_wconf 89' lang='lat' dir='ltr'><strong>Caesarem</strong></span> <span class='ocrx_word' id='word_1_210' title='bbox 1210 3041 1296 3104; x_wconf 90' lang='lat' dir='ltr'><strong>prae-</strong></span> 
     </span>
     <span class='ocr_line' id='line_1_29' title="bbox 247 3121 1316 3217; baseline -0.002 -32"><span class='ocrx_word' id='word_1_211' title='bbox 247 3133 424 3185; x_wconf 88' lang='lat' dir='ltr'><strong>currerent.</strong></span> <span class='ocrx_word' id='word_1_212' title='bbox 472 3121 614 3204; x_wconf 91' lang='lat' dir='ltr'><strong>Reliqua</strong></span> <span class='ocrx_word' id='word_1_213' title='bbox 630 3143 694 3204; x_wconf 91' lang='lat' dir='ltr'><strong>qua</strong></span> <span class='ocrx_word' id='word_1_214' title='bbox 711 3122 835 3185; x_wconf 90' lang='lat' dir='ltr'><strong>ratione</strong></span> <span class='ocrx_word' id='word_1_215' title='bbox 852 3122 904 3204; x_wconf 90' lang='lat' dir='ltr'><strong>agi</strong></span> <span class='ocrx_word' id='word_1_216' title='bbox 922 3122 1049 3203; x_wconf 90' lang='lat' dir='ltr'><strong>placeat</strong></span> <span class='ocrx_word' id='word_1_217' title='bbox 1066 3124 1282 3185; x_wconf 88' lang='lat' dir='ltr'><strong>constituunt.</strong></span> <span class='ocrx_word' id='word_1_218' title='bbox 1315 3141 1316 3217; x_wconf 59' lang='lat' dir='ltr'><strong>p</strong></span> 
     </span>
     <span class='ocr_line' id='line_1_30' title="bbox 291 3222 1293 3304; baseline -0.001 -19"><span class='ocrx_word' id='word_1_219' title='bbox 291 3226 343 3303; x_wconf 86' lang='lat'><strong>38.</strong></span> <span class='ocrx_word' id='word_1_220' title='bbox 370 3222 549 3296; x_wconf 75' lang='lat' dir='ltr'><strong>Litavicus</strong></span> <span class='ocrx_word' id='word_1_221' title='bbox 573 3233 710 3304; x_wconf 86' lang='lat' dir='ltr'><strong>accepto</strong></span> <span class='ocrx_word' id='word_1_222' title='bbox 738 3223 894 3298; x_wconf 88' lang='lat' dir='ltr'><strong>exercitu,</strong></span> <span class='ocrx_word' id='word_1_223' title='bbox 922 3243 996 3286; x_wconf 95' lang='lat' dir='ltr'><strong>cum</strong></span> <span class='ocrx_word' id='word_1_224' title='bbox 1024 3222 1114 3285; x_wconf 91' lang='lat' dir='ltr'><strong>milia</strong></span> <span class='ocrx_word' id='word_1_225' title='bbox 1142 3241 1293 3303; x_wconf 90' lang='lat' dir='ltr'><strong>passuum</strong></span> 
     </span>
     <span class='ocr_line' id='line_1_31' title="bbox 199 3323 1293 3410; baseline -0.004 -23"><span class='ocrx_word' id='word_1_226' title='bbox 199 3360 228 3410; x_wconf 86' lang='lat'><strong>30</strong></span> <span class='ocrx_word' id='word_1_227' title='bbox 247 3325 377 3387; x_wconf 90' lang='lat' dir='ltr'><strong>circiter</strong></span> <span class='ocrx_word' id='word_1_228' title='bbox 393 3342 464 3385; x_wconf 86' lang='lat' dir='ltr'><strong>xxx</strong></span> <span class='ocrx_word' id='word_1_229' title='bbox 480 3325 521 3386; x_wconf 89' lang='lat' dir='ltr'><strong>ab</strong></span> <span class='ocrx_word' id='word_1_230' title='bbox 544 3323 708 3404; x_wconf 88' lang='lat' dir='ltr'><strong>Gergovia</strong></span> <span class='ocrx_word' id='word_1_231' title='bbox 726 3324 864 3399; x_wconf 88' lang='lat' dir='ltr'><strong>abesset,</strong></span> <span class='ocrx_word' id='word_1_232' title='bbox 881 3324 1070 3385; x_wconf 87' lang='lat' dir='ltr'><strong>convocatis</strong></span> <span class='ocrx_word' id='word_1_233' title='bbox 1091 3324 1201 3385; x_wconf 88' lang='lat' dir='ltr'><strong>subito</strong></span> <span class='ocrx_word' id='word_1_234' title='bbox 1218 3323 1293 3385; x_wconf 94' lang='lat' dir='ltr'><strong>mili·</strong></span> 
     </span>
     <span class='ocr_line' id='line_1_32' title="bbox 247 3419 1293 3503; baseline -0.007 -18"><span class='ocrx_word' id='word_1_235' title='bbox 247 3423 345 3497; x_wconf 72' lang='lat' dir='ltr'><strong>tibus</strong></span> <span class='ocrx_word' id='word_1_236' title='bbox 365 3422 552 3497; x_wconf 90' lang='lat' dir='ltr'><strong>lacrimans,</strong></span> <span class='ocrx_word' id='word_1_237' title='bbox 576 3421 682 3503; x_wconf 85' lang='lat' dir='ltr'><strong>“Quo</strong></span> <span class='ocrx_word' id='word_1_238' title='bbox 705 3419 968 3502; x_wconf 86' lang='lat' dir='ltr'><strong>proficiscimur,”</strong></span> <span class='ocrx_word' id='word_1_239' title='bbox 994 3420 1109 3503; x_wconf 90' lang='lat' dir='ltr'><strong>inquit,</strong></span> <span class='ocrx_word' id='word_1_240' title='bbox 1127 3419 1293 3483; x_wconf 84' lang='lat' dir='ltr'><strong>“milites?</strong></span> 
     </span>
     <span class='ocr_line' id='line_1_33' title="bbox 245 3519 1314 3604; baseline -0.007 -17"><span class='ocrx_word' id='word_1_241' title='bbox 245 3520 390 3588; x_wconf 81' lang='lat' dir='ltr'><strong>20mnis</strong></span> <span class='ocrx_word' id='word_1_242' title='bbox 416 3532 529 3585; x_wconf 90' lang='lat' dir='ltr'><strong>noster</strong></span> <span class='ocrx_word' id='word_1_243' title='bbox 547 3522 724 3603; x_wconf 70' lang='lat' dir='ltr'><strong>equitatus</strong></span> <span class='ocrx_word' id='word_1_244' title='bbox 741 3521 849 3583; x_wconf 91' lang='lat' dir='ltr'><strong>omnis</strong></span> <span class='ocrx_word' id='word_1_245' title='bbox 869 3521 1021 3584; x_wconf 90' lang='lat' dir='ltr'><strong>nobilitas</strong></span> <span class='ocrx_word' id='word_1_246' title='bbox 1045 3521 1192 3598; x_wconf 90' lang='lat' dir='ltr'><strong>interiit;</strong></span> <span class='ocrx_word' id='word_1_247' title='bbox 1216 3521 1293 3603; x_wconf 88' lang='lat' dir='ltr'><strong>prin·</strong></span> <span class='ocrx_word' id='word_1_248' title='bbox 1313 3519 1314 3604; x_wconf 73' lang='lat' dir='ltr'><strong>l</strong></span> 
     </span>
     <span class='ocr_line' id='line_1_34' title="bbox 246 3602 1290 3705; baseline -0.006 -21"><span class='ocrx_word' id='word_1_249' title='bbox 246 3602 337 3705; x_wconf 73' lang='lat' dir='ltr'><strong>cipe&#39;s</strong></span> <span class='ocrx_word' id='word_1_250' title='bbox 368 3622 520 3695; x_wconf 89' lang='lat' dir='ltr'><strong>civitatis,</strong></span> <span class='ocrx_word' id='word_1_251' title='bbox 550 3622 753 3701; x_wconf 88' lang='lat' dir='ltr'><strong>Eporedorix</strong></span> <span class='ocrx_word' id='word_1_252' title='bbox 784 3632 815 3684; x_wconf 90' lang='lat' dir='ltr'><strong>et</strong></span> <span class='ocrx_word' id='word_1_253' title='bbox 848 3620 1084 3693; x_wconf 76' lang='lat' dir='ltr'><strong>Viridomarus</strong></span> <span class='ocrx_word' id='word_1_254' title='bbox 1116 3619 1290 3684; x_wconf 89' lang='lat' dir='ltr'><strong>insimulati</strong></span> 
     </span>
     <span class='ocr_line' id='line_1_35' title="bbox 246 3715 1313 3803; baseline -0.003 -20"><span class='ocrx_word' id='word_1_255' title='bbox 246 3715 452 3803; x_wconf 81' lang='lat' dir='ltr'><strong>prodilionis,</strong></span> <span class='ocrx_word' id='word_1_256' title='bbox 478 3721 519 3783; x_wconf 94' lang='lat' dir='ltr'><strong>ab</strong></span> <span class='ocrx_word' id='word_1_257' title='bbox 549 3722 709 3784; x_wconf 89' lang='lat' dir='ltr'><strong>Romanis</strong></span> <span class='ocrx_word' id='word_1_258' title='bbox 738 3721 862 3784; x_wconf 91' lang='lat' dir='ltr'><strong>indicta</strong></span> <span class='ocrx_word' id='word_1_259' title='bbox 889 3742 989 3784; x_wconf 88' lang='lat' dir='ltr'><strong>causa</strong></span> <span class='ocrx_word' id='word_1_260' title='bbox 1016 3720 1181 3785; x_wconf 79' lang='lat' dir='ltr'><strong>interfecti</strong></span> <span class='ocrx_word' id='word_1_261' title='bbox 1208 3732 1288 3786; x_wconf 86' lang='lat' dir='ltr'><strong>sunt.</strong></span> <span class='ocrx_word' id='word_1_262' title='bbox 1312 3717 1313 3796; x_wconf 78' lang='lat' dir='ltr'><strong>l</strong></span> 
     </span>
     <span class='ocr_line' id='line_1_36' title="bbox 197 3820 1288 3904; baseline -0.005 -16"><span class='ocrx_word' id='word_1_263' title='bbox 197 3840 227 3890; x_wconf 85' lang='lat'><strong>35</strong></span> <span class='ocrx_word' id='word_1_264' title='bbox 245 3821 364 3887; x_wconf 85' lang='lat' dir='ltr'><strong>³Haec</strong></span> <span class='ocrx_word' id='word_1_265' title='bbox 406 3823 427 3883; x_wconf 96' lang='lat' dir='ltr'><strong>b</strong></span> <span class='ocrx_word' id='word_1_266' title='bbox 452 3821 530 3900; x_wconf 90' lang='lat' dir='ltr'><strong>ipsis</strong></span> <span class='ocrx_word' id='word_1_267' title='bbox 551 3821 742 3900; x_wconf 84' lang='lat' dir='ltr'><strong>cognoscite</strong></span> <span class='ocrx_word' id='word_1_268' title='bbox 765 3822 819 3904; x_wconf 89' lang='lat' dir='ltr'><strong>qui</strong></span> <span class='ocrx_word' id='word_1_269' title='bbox 844 3844 883 3884; x_wconf 88' lang='lat' dir='ltr'><strong>ex</strong></span> <span class='ocrx_word' id='word_1_270' title='bbox 908 3823 977 3904; x_wconf 89' lang='lat' dir='ltr'><strong>ipsa</strong></span> <span class='ocrx_word' id='word_1_271' title='bbox 1000 3823 1099 3885; x_wconf 88' lang='lat' dir='ltr'><strong>caede</strong></span> <span class='ocrx_word' id='word_1_272' title='bbox 1123 3820 1288 3904; x_wconf 78' lang='lat' dir='ltr'><strong>fugerunt:</strong></span> 
     </span>
    </p>
   </div>
   <div class='ocr_carea' id='block_1_9' title="bbox 246 3919 1289 4005">
    <p class='ocr_par' dir='ltr' id='par_1_14' title="bbox 246 3881 1312 4005">
     <span class='ocr_line' id='line_1_37' title="bbox 246 3919 1289 4005; baseline -0.001 -24"><span class='ocrx_word' id='word_1_273' title='bbox 246 3944 320 3985; x_wconf 83' lang='lat' dir='ltr'><strong>nam</strong></span> <span class='ocrx_word' id='word_1_274' title='bbox 337 3945 408 4005; x_wconf 82' lang='lat' dir='ltr'><strong>ego,</strong></span> <span class='ocrx_word' id='word_1_275' title='bbox 428 3919 584 3980; x_wconf 80' lang='lat' dir='ltr'><strong>fratribus</strong></span> <span class='ocrx_word' id='word_1_276' title='bbox 601 3932 699 4002; x_wconf 91' lang='lat' dir='ltr'><strong>atque</strong></span> <span class='ocrx_word' id='word_1_277' title='bbox 717 3923 868 3983; x_wconf 91' lang='lat' dir='ltr'><strong>omnibus</strong></span> <span class='ocrx_word' id='word_1_278' title='bbox 887 3923 967 3984; x_wconf 90' lang='lat' dir='ltr'><strong>meis</strong></span> <span class='ocrx_word' id='word_1_279' title='bbox 990 3923 1183 4005; x_wconf 87' lang='lat' dir='ltr'><strong>propinquis</strong></span> <span class='ocrx_word' id='word_1_280' title='bbox 1202 3923 1289 3985; x_wconf 83' lang='lat' dir='ltr'><strong>inter·</strong></span> 
     </span>
    </p>
   </div>
   <div class='ocr_carea' id='block_1_10' title="bbox 1309 4025 1311 4112">
    <p class='ocr_par' dir='ltr' id='par_1_15' title="bbox 1309 4025 1311 4112">
     <span class='ocr_line' id='line_1_38' title="bbox 1309 4025 1311 4112; baseline 0 0"><span class='ocrx_word' id='word_1_281' title='bbox 1309 4025 1311 4112; x_wconf 90' lang='lat' dir='ltr'><strong>l</strong></span> 
     </span>
    </p>
   </div>
   <div class='ocr_carea' id='block_1_11' title="bbox 0 0 1340 4159">
    <p class='ocr_par' dir='ltr' id='par_1_16' title="bbox 0 0 1340 4159">
     <span class='ocr_line' id='line_1_39' title="bbox 0 0 1340 4159; baseline 0 0"><span class='ocrx_word' id='word_1_282' title='bbox 0 0 1340 4159; x_wconf 95' lang='lat' dir='ltr'><strong> </strong></span> 
     </span>
    </p>
   </div>
  </div>
 </body>
</html>
