2667 4159
58 194 86 244 B.
98 194 128 246 G.
140 196 187 248 111.
202 196 259 267 13.]
351 182 446 247 Coast
473 184 504 245 T
499 206 590 247 owns
612 185 652 266 of
667 184 830 265 Brz'ttany.

54 374 188 436 arcessiti
204 376 410 451 dicebantur,
430 376 458 439 si
474 397 534 458 per
552 376 619 438 vim
641 376 783 439 navibus
802 375 927 439 flumen
952 373 1094 439 transire

54 481 209 546 conentur,
244 473 430 555 prohibeat.
490 470 544 537 2Ρ.
579 473 747 550 Crassum,
788 494 862 535 cum
901 473 1093 537 cohortibus

51 565 226 647 legionariis
258 571 433 633 duodecim
464 580 497 633 et
530 591 652 653 magno
676 591 816 633 numero
847 571 1027 653 equitatus,
1060 572 1094 633 in

51 662 253 745 Aquitaniam
292 668 458 749 proficisci
496 668 601 750 jubet,
640 689 683 731 ne
726 687 767 730 ex
804 668 856 731 his
902 668 1094 731 nationibus

49 761 156 825 auxilia
186 763 220 826 in
245 765 386 829 Galliam
418 765 607 841 mittantur,
632 786 671 828 ac
703 775 816 828 tantae
841 766 995 829 nationes
1019 787 1095 829 con·
1125 790 1137 840 5

48 856 225 939 jungantur.
295 859 359 945 3Q.
409 862 577 926 Titurium
626 862 788 926 Sabinum
832 863 978 945 legatum
1019 884 1094 927 cum

48 953 226 1035 legionibus
250 960 357 1023 tribus
382 960 416 1021 in
441 959 592 1035 Unellos,
619 959 839 1024 Curiosolites
865 960 1095 1043 Lexoviosque

48 1052 150 1129 mittit,
167 1057 224 1139 qui
239 1078 312 1121 eam
335 1078 470 1120 manum
494 1058 720 1120 distinendam
744 1068 846 1122 curet.
892 1057 1094 1121 4Decimum

48 1147 179 1244 Brutum
203 1156 453 1219 adulescentem
477 1154 575 1219 classi
601 1154 804 1238 Gallicisque
836 1157 985 1229 navibus,
1014 1176 1095 1238 quas

48 1264 83 1307 ex
98 1248 289 1315 Pictonibus
305 1262 339 1315 et
358 1252 517 1317 Santonis
535 1252 736 1335 reliquisque
759 1254 885 1334 pacatis
903 1254 1094 1335 regionibns
1112 1276 1140 1310 ιο

48 1348 218 1413 convenire
247 1350 402 1431 jusserat,
434 1350 596 1430 praeficit,
620 1359 664 1426 et,
689 1370 764 1413 cum
796 1351 939 1432 primum
971 1361 1094 1433 posset,

48 1438 78 1514 in
93 1441 241 1511 Venetos
257 1446 425 1531 proficisci
439 1446 544 1529 jubet.
593 1447 671 1531 Ipse
690 1466 730 1513 eo
754 1449 967 1531 pedestribus
992 1449 1095 1530 copiis

49 1545 221 1610 contendit.

92 1655 135 1703 12.
169 1642 273 1707 Erant
296 1641 462 1725 ejusmodi
483 1640 554 1707 fere
578 1643 662 1707 situs
686 1643 892 1725 oppidorum,
918 1653 965 1717 ut,
989 1643 1098 1724 posita

50 1731 79 1795 ln
114 1740 269 1804 extremis
304 1739 441 1823 lingulis
472 1740 788 1824 promunturiisque,
821 1759 929 1822 neque
956 1741 1096 1821 pedibus
1113 1763 1139 1815 ις

50 1832 169 1901 aditum
198 1838 370 1912 haberent,
399 1858 475 1901 cum
507 1858 548 1901 ex
577 1837 645 1900 alto
677 1858 712 1901 se
744 1846 858 1901 aestus
889 1838 1096 1901 incitavisset

53 1930 144 2013 (quod
169 1933 245 2019 [bis]
269 1934 389 1999 accidit
423 1955 556 2017 semper
578 1936 733 1998 horarum
757 1953 807 1997 ΧΠ
833 1935 963 2016 spatio),
989 1956 1097 2018 neque

52 2032 191 2110 navibus,
222 2032 311 2117 quod
341 2052 456 2095 rursus
483 2032 657 2096 minuente
688 2042 785 2095 aestu
815 2052 915 2095 naves
947 2033 980 2094 in
1004 2034 1096 2096 vadis

52 2128 298 2293 Qarentur.
345 2126 419 2193 ²Ita
450 2140 589 2212 utraque
614 2150 649 2193 re
673 2130 867 2212 oppidorum
892 2132 1097 2212 oppugnatio

107 2229 129 2279 35
141 2301 146 2313 ,
156 2228 303 2308 iebatur3
326 2252 365 2296 ac
387 2230 415 2295 si
431 2229 621 2314 quando-
631 2228 860 2309 magnitudine
885 2228 994 2309 operis
1010 2225 1097 2291 forte
1111 2252 1143 2302 20

139 2323 198 2404 lpti,
229 2343 365 2396 extruso
395 2327 478 2391 mari
508 2345 630 2409 aggere
660 2346 699 2389 ac
730 2326 882 2399 molibus
914 2336 1014 2407 atque
1046 2327 1097 2388 his

146 2424 157 2494 ἰ
184 2430 359 2495 moenibus
392 2423 719 2507 adaequatis-suis
746 2419 895 2485 fortunis
921 2424 1098 2503 desperare

113 2538 229 2635 spant,
267 2546 389 2608 magno
414 2542 551 2587 numero
586 2521 720 2584 navium
750 2520 898 2601 adpulso,
924 2520 1020 2602 cujus
1050 2521 1097 2583 rei

134 2615 204 2689 ¹'ram
227 2624 423 2691 facultatem
446 2622 626 2696 habebant,
646 2639 712 2682 sua
735 2618 955 2699 deportabant
976 2618 1096 2691 omnia,

16 2764 23 2803 ,
89 2742 147 2804 que
176 2725 208 2788 in
239 2723 389 2807 proxima
419 2720 541 2802 oppida
572 2715 802 2798 recipiebant:
840 2714 885 2776 ibi
916 2736 952 2777 se
984 2735 1097 2777 rursus
1111 2738 1140 2788 ²5

15 2820 150 2908 tlisdem
179 2818 486 2905 opportunitatibus
517 2816 581 2879 loci
612 2811 846 2877 defendebant.
910 2810 1026 2875 3Haec
1058 2834 1097 2874 co

55 2910 171 2994 lucilius
200 2938 355 3002 magnam
383 2926 512 2999 partem
544 2911 682 2976 aestatis
713 2908 890 2984 faciebant,
915 2911 1001 2991 quod
1026 2930 1098 2972 nos-

55 3021 117 3078 trae
138 3038 237 3087 naves
260 3012 519 3097 tempestatibus
542 3009 788 3082 detinebantur,
806 3027 1000 3088 summaque
1025 3018 1097 3069 erat

55 3125 188 3178 -vasto
211 3125 311 3197 atque
341 3119 458 3193 aperto
489 3108 581 3182 mari,
605 3106 736 3189 magnis
766 3104 925 3178 aestibus,
951 3104 1032 3167 raris
1059 3125 1097 3167 ac
1195 3116 1196 3121 ’

56 3227 146 3292 prope
161 3212 259 3275 nullis
275 3204 668 3293 portibus-difficultas
684 3201 872 3284 navigandi.
1111 3226 1142 3274 30

98 3326 137 3386 13·
168 3310 322 3391 Namque
352 3307 499 3387 ipsorum
526 3321 629 3365 naves
652 3300 694 3363 ad
718 3301 806 3363 hunc
830 3299 965 3361 modum
989 3296 1097 3363 factae

57 3415 252 3490 armataeque
285 3414 399 3469 erant:
434 3401 567 3465 carinae
597 3398 769 3480 aliquanto
799 3397 967 3479 planiores
999 3418 1097 3479 quam

57 3513 229 3580 nostrarum
269 3501 412 3577 navium,
450 3520 515 3581 quo
553 3495 683 3560 facilius
721 3495 806 3558 vada
843 3515 881 3558 ac
922 3495 1097 3559 decessum

58 3611 156 3664 aestus
185 3601 337 3681 excipere
371 3607 532 3679 possent;
569 3592 708 3675 2prorae
741 3592 919 3656 admodum
956 3604 1097 3667 erectae,

59 3706 144 3779 atque
161 3699 240 3762 item
264 3717 392 3779 puppes
415 3696 457 3757 ad
480 3691 746 3773 magnitudinem
770 3690 932 3753 fluctuum
956 3700 1142 3771 tempes·35

60 3801 215 3880 tatumque
239 3793 533 3867 adcommodatae;
557 3809 658 3851 naves
683 3796 775 3849 totae
799 3784 907 3848 factae
924 3807 965 3847 ex
981 3788 1098 3848 robore
