2667 4159
136 145 156 207 6
501 146 565 209 rue
587 147 767 211 nervam
794 149 875 213 War.
926 102 931 110 ¹
1090 111 1238 233 'nasu

179 340 277 403 retiis
293 341 427 426 pqlsum
444 350 478 404 et
496 342 557 403 sub
580 341 697 423 jugum
723 341 872 417 missum,
890 343 1142 411 concedendurn
1167 364 1249 425 non,

179 427 317 518 putabat
331 458 338 514 ;
363 458 471 520 neque
496 438 647 501 homines
671 438 805 502 inimico
830 440 949 513 anim0,
975 425 1236 529 (latalacultate

179 523 467 615 pe‘r'provinciam
500 536 629 599 itineris
660 534 817 611 faciundi,
842 546 1086 617 temperaturos
1117 540 1159 600 ab
1192 540 1238 602 in-

177 632 264 714 juria
295 642 327 695 et
360 633 521 696 maleficio
561 634 781 697 existimabat.
814 631 987 709 *⁵Tamen,
1021 645 1056 697 ut
1088 638 1235 717 spatium

152 732 385 803 sintercedere
409 742 534 811 posset,
559 733 640 797 dum
662 733 786 796 milites
808 754 891 815 quos
915 733 1135 816 imperaverat
1159 758 1237 800 con-

177 828 340 903 venirent,
369 829 489 910 legatis
520 831 693 911 respondit
725 832 813 893 diem
842 838 886 895 se'
909 833 951 893 ad
982 832 1234 901 deliberandum

179 936 386 1015 sumpgunn
400 948 407 1003 ;
423 926 451 988 si
468 928 547 1009 quid
563 928 698 1003 vellent,
716 929 758 991 ad
777 929 823 993 ld.
843 929 925 1011 Apr.
945 940 1203 995 reverterentur.
1256 1019 1263 1027 υ

222 1027 252 1087 8.
277 1024 409 1087 Interea
433 1045 472 1088 ea
502 1024 642 1107 legione,
676 1047 773 1108 quam
802 1047 916 1089 secum
946 1028 1099 1103 habebat,
1125 1030 1237 1091 militi-

177 1123 306 1203 busque
323 1122 378 1205 qui
402 1144 442 1185 ex
464 1124 634 1204 provincia
658 1134 895 1199 convenerant,
913 1146 933 1187 a
948 1125 1022 1188 lacu
1048 1127 1232 1200 Lemanno,

138 1220 233 1301 roqui
265 1220 299 1282 in
331 1220 455 1283 flumen
488 1221 690 1283 Rhodanum
722 1221 842 1297 influit,
866 1223 907 1284 ad
931 1233 1079 1285 montem
1106 1224 1233 1304 Juram,

178 1317 233 1399 qui
259 1318 343 1381 fines
372 1316 601 1401 Sequanorum
628 1321 670 1381 ab
697 1320 866 1382 Helvetiis
893 1320 1021 1395 dividit,
1048 1321 1139 1408 milia
1163 1343 1236 1403 pas-

178 1435 274 1477 suum
313 1417 429 1479 decem
469 1436 599 1493 novem,
631 1437 762 1479 murum
795 1416 828 1478 in
860 1417 1071 1479 altitudinem
1110 1420 1234 1498 pedum

178 1513 333 1587 sedecim,
372 1510 563 1596 fossamque
601 1514 762 1596 perducit.
849 1515 899 1575 Eo
938 1535 1037 1596 opere
1072 1514 1233 1597 perfect0,

177 1610 341 1695 praesidia
362 1610 520 1721 dis-ponit,
549 1611 686 1703 castella
717 1632 756 1673 co
852 1612 911 1687 nit,
944 1624 1009 1694 quo
1031 1610 1172 1688 facilius,
1204 1615 1235 1676 si

137 1729 164 1781 15
179 1728 213 1769 se
237 1707 508 1799 inuito‘transrre
531 1719 741 1783 conarentur,
750 1698 943 1791 'p'r'ohiberc
970 1711 1087 1790 possit.
1142 1708 1234 1775 3Ubi

178 1825 217 1867 ea
240 1806 311 1867 dies
334 1826 432 1887 quam
456 1806 677 1870 constituerat
701 1827 776 1869 cum
801 1806 921 1889 legatis
944 1807 1047 1881 venit,
1072 1819 1105 1869 et
1129 1808 1234 1890 legati

177 1904 218 1964 ad
242 1923 317 1965 eum
342 1913 560 1978 reverterunt,
585 1913 687 1985 negat
711 1924 747 1966 se
770 1924 864 2005 mprj
885 1914 919 1967 et
943 1906 1096 1986 exemplo
1118 1907 1234 1987 populi

179 2000 322 2062 Romani
339 2021 437 2081 posse
454 2000 517 2063 iter
540 2001 597 2063 ulli
620 2021 681 2082 per
703 2001 907 2082 provinciam
931 2002 1028 2077 dare;
1052 2013 1094 2077 et,
1113 2002 1140 2065 si
1164 2004 1233 2066 vim

177 2094 286 2159 facere
315 2108 486 2175 conentur,
511 2097 756 2179 prohibiturum
779 2099 935 2184 OSlSEdst·
981 2096 1167 2176 4Helv'etii,
1194 2122 1234 2163 ea

135 2216 167 2251 20
179 2215 235 2275 spo
274 2190 405 2353 deff,
438 2195 579 2258 navibus
609 2194 736 2278 junctis
774 2196 968 2283 ratibusque
1006 2198 1233 2279 compluribus

177 2289 283 2366 factis,
301 2289 465 2371 aliundis
487 2291 653 2369 Rhodani,
672 2313 738 2375 qua
760 2292 897 2355 minima
920 2294 1060 2367 altitudo
1084 2294 1232 2358 fluminis

178 2366 257 2463 eral,
290 2394 525 2469 nonnunquam
563 2388 718 2467 interdiu,
744 2390 875 2477 saepius
899 2402 1010 2466 noctu,
1035 2393 1063 2455 si
1086 2413 1234 2475 perrum-

177 2506 255 2567 pere
279 2495 417 2567 possent
442 2486 562 2563 conati,
587 2487 699 2570 operis
721 2488 908 2551 munitione
932 2500 965 2551 et
989 2490 1132 2551 militum
1157 2510 1234 2551 con·
1296 2546 1299 2553 .

177 2594 326 2661 cursuet
344 2584 419 2647 telis
431 2578 570 2678 ‘repqlsi,
588 2584 651 2648 boc
668 2595 792 2649 conatu
808 2586 1018 2650 destiterunt.

134 2702 163 2753 25
220 2699 248 2762 9.
276 2680 540 2763 Relinquebatur
563 2702 629 2745 una
652 2703 712 2763 per
736 2682 908 2767 Sequanos
931 2684 993 2758 via,
1017 2706 1090 2766 qua,
1110 2685 1234 2765 Sequa-

177 2778 228 2842 nis
260 2778 383 2852 invitis
414 2790 549 2860 propter
580 2780 753 2861 angustias
780 2779 827 2843 ire
856 2802 922 2841 non
951 2792 1115 2861 poterant.
1164 2782 1231 2843 His

177 2896 252 2937 cum
285 2896 345 2937 sua
375 2886 495 2956 sponte
526 2878 727 2958 persuadere
758 2898 826 2939 non
856 2888 1004 2958 possent,
1029 2878 1158 2941 levatos
1191 2881 1231 2941 ad

178 2972 421 3053 Dumnorigem
452 2974 630 3037 Haeduum
660 2974 809 3049 mittunt,
837 2986 873 3036 ut
902 2996 942 3037 eo
969 2977 1033 3055 dep
1082 2955 1186 3039 ‘tore
1212 2998 1232 3038 a

179 3068 343 3151 Sequanis
367 3066 594 3157 impethnt.
641 3067 851 3133 2Dumnorix
874 3054 982 3158 grabia
997 3083 1029 3134 et
1056 3053 1231 3170 largnionc

134 3189 165 3237 30
177 3167 263 3246 apud
297 3166 468 3248 Sequanos
500 3169 677 3249 plurimum
709 3179 848 3249 poterat,
882 3181 914 3231 ct
956 3170 1123 3232 Heluetiis
1161 3182 1232 3232 crat

176 3264 311 3339 amicus
337 3265 424 3346 quod
449 3285 551 3328 exea
576 3264 712 3327 ciuitate
739 3266 949 3347 Orgetorigis
977 3267 1078 3328 filiam
1106 3268 1139 3328 in
1167 3288 1232 3329 ma-

177 3362 370 3424 trimonium
387 3363 547 3439 duxerat;
572 3373 605 3425 et
622 3363 806 3444 cupiditate
829 3364 924 3445 regni
947 3366 1112 3427 adductus
1136 3366 1232 3427 novis

177 3461 275 3523 rebus
300 3460 465 3535 studebat,
491 3471 524 3523 et
548 3462 753 3544 quampluri
791 3483 826 3523 as
851 3462 1004 3523 civitates
1029 3483 1088 3524 suo
1112 3439 1234 3559 bepdfi-

177 3558 227 3619 cio
244 3558 367 3621 habere
392 3538 569 3671 obsfftas
593 3559 734 3621 volebat.
804 3560 922 3639 ltaque
945 3580 1014 3622 rem
1032 3560 1180 3641 suscipit,
1199 3571 1232 3623 et
1263 3592 1267 3597 ·

135 3676 196 3727 35a
225 3654 268 3717 Se
293 3656 388 3717 uanis
417 3656 572 3735 impetrat
606 3666 642 3717 ut
675 3677 734 3736 per
761 3657 844 3718 fines
873 3676 950 3717 suos
979 3657 1156 3719 Helvetios
1185 3657 1233 3720 ire

177 3676 353 3851 patiabbffi,
380 3724 578 3890 obsideblpne
608 3753 656 3813 uti
685 3753 773 3813 inter·
797 3774 870 3815 sese
894 3754 973 3815 dent
1003 3756 1152 3834 perficit:
1179 3757 1235 3819 Sc-
