2667 4159
231 190 291 273 156
479 188 565 256 Nero
579 189 708 275 Efferts
723 192 763 277 of
780 190 1026 278 Vercingelon'x.
1153 190 1278 267 [CAESAR
1322 256 1323 259 ,

269 406 318 470 29.
345 388 481 451 Postero
504 388 556 451 die
579 387 720 452 concilio
742 399 931 465 convocato,
951 391 1140 455 consolatus
1165 393 1278 456 cohor-

223 500 379 571 tatusque
399 502 469 553 est:
493 490 565 552 ‘Ne
589 510 623 554 se
647 491 824 553 admodum
849 492 959 554 animo
983 492 1210 569 demitterent,
1235 515 1278 558 ne

222 590 494 671 perturbarentur
516 590 747 667 incommodo;
770 587 856 654 ²non
874 592 998 655 virtute
1022 613 1130 676 neque
1154 594 1190 656 in
1206 595 1277 659 acie

193 703 198 714 '
221 690 342 753 vicisse
370 690 548 765 Romanos,
572 691 630 753 sed
658 690 798 755 artificio
821 692 962 775 quodam
991 704 1024 756 et
1052 694 1195 759 scientia
1221 716 1278 778 op·

188 790 443 873 5pugnationiS,
467 791 564 872 cujus
592 790 638 854 rei
665 789 790 855 fuerint
817 792 880 876 ipsi
908 793 1074 875 imperiti3
1101 816 1223 873 errare,
1247 797 1276 858 si

220 892 275 974 qui
302 892 333 954 in
358 890 444 955 bello
468 913 583 955 omnes
608 892 772 955 secundos
797 913 906 957 rerum
934 905 1114 976 proventus
1138 918 1277 979 exspec-

220 1003 313 1069 tent,
336 989 420 1054 ³sibi
443 1013 612 1076 nunquam
636 993 801 1075 placuisse
817 993 998 1059 Avaricum
1017 992 1162 1069 delendi,
1180 996 1277 1079 cujus
1322 1016 1323 1021 ¹

218 1092 265 1156 rei
290 1104 393 1156 testes
410 1093 499 1175 ipsos
523 1094 668 1169 haberet,
687 1094 743 1156 sed
764 1090 889 1158 factum
914 1095 1136 1178 imprudentia
1154 1096 1277 1161 Bituri·
1322 1122 1323 1125 ¹

218 1214 297 1274 gum
322 1204 356 1257 et
381 1193 483 1257 nimia
509 1194 727 1277 obsequentia
752 1195 960 1279 reliquorum,
984 1197 1031 1260 uti
1058 1197 1122 1259 hoc
1148 1196 1276 1261 incom-

110 1364 113 1369 ,
169 1317 200 1355 ιο
218 1295 352 1358 modum
383 1295 589 1378 acciperetur
599 1315 606 1371 ;
637 1295 670 1357 id
702 1306 813 1360 tamen
845 1318 880 1359 se
911 1298 1061 1361 celeriter
1091 1298 1274 1381 majoribus
1322 1374 1323 1385 χ

217 1394 400 1458 commodis
428 1380 627 1459 sanaturum.
682 1392 801 1478 4Nam,
826 1418 910 1480 quae
937 1399 978 1460 ab
1005 1397 1138 1479 reliquis
1170 1398 1273 1461 Gallis

216 1496 369 1559 civitates
395 1496 621 1571 dissentirent,
649 1496 710 1559 has
742 1517 802 1559 sua
832 1496 1003 1579 diligentia
1033 1496 1323 1579 adiuncturum

216 1610 316 1679 atque
340 1618 441 1659 unum
466 1596 639 1660 consilium
667 1597 769 1661 totius
794 1597 920 1661 Galliae
943 1594 1150 1673 effecturum,
1174 1599 1272 1681 cujus
1322 1576 1323 1679 l

215 1699 394 1760 consensui
422 1718 466 1761 ne
488 1698 577 1761 orbis
601 1698 735 1780 quidem
764 1710 923 1762 terrarum
952 1698 1057 1779 possit
1083 1698 1271 1777 obsistere;
1322 1726 1323 1779 ,

168 1820 197 1874 ις
215 1798 313 1881 idque
329 1819 366 1862 se
389 1818 491 1881 prope
514 1798 581 1881 jam
598 1794 753 1861 eflectum
779 1800 908 1863 habere.
954 1795 1112 1862 ⁵lnterea
1126 1819 1270 1883 aequum
1322 1782 1323 1831 l

214 1919 297 1974 esse,
314 1900 355 1962 ab
380 1900 419 1962 iis
436 1899 622 1962 communis
644 1899 759 1962 salutis
782 1920 881 1963 causa
905 1899 1136 1981 impetrarint
1161 1912 1272 1963 castra

215 2001 343 2063 munire
362 2000 585 2076 instituerent,
601 2021 666 2083 quo
682 1997 812 2064 facilius
829 2000 1018 2082 repentinos
1042 1999 1190 2063 hostiurn
1212 2001 1270 2063 im-

213 2113 311 2183 petus
328 2101 548 2165 sustinerent!

258 2219 307 2281 30.
335 2202 413 2265 Fuit
440 2202 522 2265 haec
545 2202 649 2266 oratio
677 2222 742 2265 non
772 2200 901 2283 ingrata
928 2200 1040 2275 Gallis,
1064 2211 1097 2262 et
1125 2200 1269 2263 maxime
1322 2258 1323 2287 2

164 2334 196 2373 20
213 2304 301 2385 quod
333 2303 404 2385 ipse
431 2304 541 2367 animo
569 2324 635 2367 non
662 2299 829 2366 deiecerat
856 2313 949 2365 tanto
977 2310 1113 2382 accepto
1141 2299 1269 2363 incom-
1322 2300 1323 2309 ’

212 2405 320 2476 modo,
345 2424 452 2486 neque
479 2423 516 2467 se
543 2405 576 2465 in
600 2404 765 2466 occultum
794 2403 965 2465 abdiderat
992 2411 1025 2463 et
1048 2410 1268 2481 conspectum

212 2505 433 2568 multitudinis
456 2503 606 2585 fugerat;
630 2504 770 2585 plusque
793 2503 903 2565 animo
927 2500 1100 2582 providere
1115 2510 1150 2563 et
1175 2520 1268 2581 prae
1322 2540 1323 2551 ,

212 2607 335 2669 sentire
351 2605 610 2678 existimabatur,
627 2605 725 2686 quod,
743 2624 777 2665 re
801 2602 939 2683 integra,
956 2601 1062 2683 primo
1084 2599 1268 2663 incenden-

211 2707 289 2769 dum
317 2706 508 2777 Avaricum,
537 2716 611 2787 post
638 2705 855 2767 deserendum
885 2710 1069 2765 censuerat
1113 2696 1267 2783 ²Itaqne,

161 2837 192 2889 25
211 2818 246 2869 ut
273 2808 471 2889 reliquorum
503 2806 739 2887 imperatorum
768 2823 821 2866 res
848 2804 1004 2865 adversae
1032 2802 1266 2863 anctoritatem
1322 2840 1323 2877 ,

211 2908 373 2982 minuunt,
401 2907 449 2969 sic
481 2905 579 2986 hujus
607 2925 647 2967 ex
674 2903 839 2967 contrario
869 2902 1025 2983 dignitas
1053 2899 1267 2963 incommodo

209 3019 356 3091 accepto,
373 3009 406 3069 in
429 3007 499 3071 dies
518 3007 710 3088 augebatur.
757 3002 886 3067 3Simul
910 3004 943 3064 in
968 3021 1061 3083 spem
1084 3000 1267 3064 veniebant

209 3108 281 3191 ejus
312 3108 528 3172 affirmatione
558 3108 599 3169 de
631 3106 764 3188 reliquis
798 3102 1019 3186 adjungendis
1050 3100 1267 3175 civitatibus;

208 3210 418 3294 primumque
434 3231 473 3273 eo
492 3221 640 3290 tempore
657 3206 743 3270 Galli
766 3214 875 3268 castra
892 3202 1019 3266 munire
1036 3200 1267 3275 instituerunt,

115 3293 117 3298 Ι
159 3339 190 3391 30
208 3312 306 3375 etsie
323 3323 401 3375 sunt
420 3312 531 3375 animo
547 3308 741 3381 confirmati,
759 3306 909 3369 homines
932 3301 1053 3365 insueti
1077 3301 1212 3378 laboris,
1229 3313 1266 3365 ut

209 3414 319 3476 omnia
335 3434 418 3496 quae
435 3414 673 3495 imperarentur
690 3408 752 3472 sibi
769 3407 925 3489 patienda
940 3404 1177 3467 existimarent.

254 3530 304 3593 31.
331 3514 402 3575 Nec
437 3515 545 3575 minus
580 3530 676 3592 quam
712 3519 763 3571 est
799 3506 974 3587 pollicitus
1007 3501 1265 3583 Vercingetorix

208 3615 319 3677 animo
342 3613 512 3676 laborabat
534 3622 570 3673 ut
594 3610 736 3692 reliquas
759 3606 909 3671 civitates
933 3603 1139 3687 adjungeret,
1162 3614 1264 3685 atque
1322 3670 1323 3679 2

208 3716 377 3780 easaonrs
400 3706 946 3796 pollicitationibusquealliciebat.
992 3702 1171 3767 ²Huicrei
1197 3702 1264 3763 uo.
1322 3682 1323 3735 l

160 3829 190 3881 35
209 3837 289 3878 neos
317 3815 467 3878 homines
494 3812 670 3892 deligebat,
694 3828 830 3891 quorum
859 3806 997 3889 quisque
1025 3814 1082 3865 aut
1111 3802 1263 3867 oratione

210 3916 348 3978 subdola
385 3925 441 3976 aut
478 3912 623 3975 amicitia
658 3908 812 3973 facillime
834 3925 966 3987 capere
1006 3914 1126 3987 posset.
1195 3902 1261 3989 Qui
