2667 4159
37 182 245 270 urz-rat]
395 180 746 290 charmamos.
1029 206 1085 276 111

35 397 140 479 prima
161 398 339 463 obsidione
361 400 402 462 ad
427 399 622 463 Ciceronem
650 398 847 485 perfugerat,
871 422 1032 484 suamque
1059 403 1089 467 ei

34 499 129 561 tidem
156 499 378 581 praestiterat.
423 496 514 565 ³Hic
542 522 636 565 servo
666 522 725 584 spe
756 503 917 569 libertatis
948 503 1113 586 magnis.

34 620 97 681 que
116 601 295 681 persuadet
319 600 482 683 praemiis,
500 612 535 665 ut
555 602 681 667 litteras
697 604 737 667 ad
760 603 936 669 Caesarem
952 602 1087 671 deierat.

36 700 105 762 Has
122 701 178 764 ille
193 701 229 763 in
247 700 358 783 jaculo
380 702 522 785 illigatas
538 702 655 780 effert;
679 714 712 767 et
737 702 853 767 Gallus
873 705 959 770 inter
975 704 1088 769 Gallos

34 800 102 863 sine
134 802 422 884 ulla·suspici0ne
453 815 604 867 versatus
638 805 680 868 ad
716 804 891 870 Caesarem
926 807 1121 888 perveniet

34 901 88 963 Ab
103 922 144 965 eo
159 903 203 965 de
219 902 375 985 periculis
393 904 565 968 Ciceronis
581 904 788 990 legionisque
804 907 1023 990 cognoscitur.

73 1004 123 1080 46.
149 1003 282 1078 Caesar,
298 1004 445 1086 acceptis
469 1004 587 1069 litteris
611 1006 694 1069 hora
713 1007 844 1071 circiter
866 1025 904 1073 ΧΙ
927 1007 1002 1083 diei,
1020 1018 1086 1073 sta·

34 1103 87 1163 tim
108 1106 265 1167 nuntium
289 1105 322 1166 in
350 1105 543 1170 Bellovacos
566 1106 609 1170 ad
634 1109 681 1171 M.
699 1107 856 1173 Crassum
876 1120 1086 1191 quaestorem

33 1204 141 1279 mittit,
160 1204 256 1287 cujus
279 1205 419 1269 hiberna
434 1207 570 1272 aberant
593 1208 691 1273 abeo
709 1209 798 1272 milia
820 1229 976 1291 passuum
993 1227 1086 1286 xxv3

30 1299 43 1339 ⁴
50 1302 144 1384 jubet
168 1305 278 1368 media
302 1319 399 1370 nocte
421 1306 587 1390 legionem
612 1309 786 1391 proticisci,
806 1309 1021 1393 celeriterque
1044 1311 1137 1379 adro

31 1424 64 1466 se
79 1406 202 1469 venire.
247 1402 349 1471 2Exit
373 1428 447 1473 curn
469 1410 586 1473 nuntio
611 1409 761 1475 Crassus.
807 1410 962 1474 Alterum
978 1410 1019 1473 ad
1044 1410 1083 1475 C.

32 1505 170 1570 Fabium
192 1507 337 1590 legatum
355 1509 466 1584 mittit,
483 1521 521 1574 ut
544 1511 577 1573 in
591 1510 801 1575 Atrebatium
821 1510 904 1575 fines
919 1510 1083 1593 legionem

30 1608 179 1684 adducat,
197 1630 263 1692 qua
278 1610 341 1686 sibi
359 1611 421 1674 iter
435 1608 623 1675 iaciendum
640 1611 775 1675 sciebat.
818 1608 967 1675 ³Scribit
986 1611 1084 1675 Labi-

30 1729 90 1772 eno
113 1710 142 1772 si
169 1711 368 1792 reipublicae
392 1713 566 1777 commodo
589 1710 698 1775 sacere
719 1722 841 1794 posset,
858 1732 933 1775 cum
953 1712 1083 1793 legione

31 1811 176 1875 adfines
203 1812 402 1877 Nerviorum
418 1813 548 1877 veniat:
575 1812 735 1896 reliquam
760 1822 886 1894 partem
910 1813 1082 1887 exercitus,
1104 1832 1133 1884 15

31 1915 113 1994 quod
146 1913 244 1997 paulo
272 1914 385 1977 aberat
416 1914 554 1996 longius,
582 1934 649 1976 non
680 1924 776 1995 putat
806 1913 1082 1994 exspectandam:

30 2015 156 2096 equites
195 2013 328 2079 circiter
364 2015 626 2098 quadringentos
662 2034 704 2079 ex
739 2012 896 2095 proximis
935 2013 1082 2077 hibernis

31 2116 161 2199 colligit.

70 2232 119 2297 47.
147 2218 243 2281 Hora
266 2215 398 2280 circiter
425 2215 523 2279 tertia
545 2216 587 2279 ab
610 2214 880 2279 antecursoribus
903 2214 944 2277 de
969 2214 1082 2277 Crassi

33 2317 170 2381 adventu
186 2318 308 2381 certior
323 2314 439 2393 factus
455 2338 495 2380 eo
514 2318 566 2379 die
583 2316 674 2379 milia
692 2336 850 2397 passuum
866 2314 985 2396 uiginti
1010 2335 1082 2396 pro·
1101 2336 1132 2375 20

33 2419 121 2482 cedit.
175 2416 359 2483 ²Crassum
392 2417 642 2484 Samarobrivae
674 2416 821 2499 praeficit
853 2415 1083 2497 legionemque

33 2519 185 2594 attribuit,
212 2520 300 2602 quod
325 2519 371 2583 ibi
396 2519 633 2600 impedimenta
655 2516 827 2591 exercitus
850 2517 982 2579 obsides
1006 2515 1083 2578 civi-

32 2627 143 2695 tatum,
166 2620 296 2683 litteras
324 2620 480 2702 publicas,
505 2616 775 2700 frumentumque
803 2637 901 2680 omne
928 2616 1016 2700 quod
1042 2638 1082 2681 eo

33 2719 214 2783 tolerandae
246 2719 367 2783 hiemis
398 2740 498 2783 causa
524 2721 710 2793 devexerat,
738 2716 953 2799 relinquebat.
998 2712 1082 2779 ³Fa-

32 2817 110 2895 bius,
133 2832 170 2883 ut
197 2821 395 2902 imperatum
424 2831 503 2898 erat,
526 2841 594 2883 non
622 2821 668 2883 ita
696 2819 834 2881 multum
863 2826 1019 2895 moratus,
1047 2817 1079 2878 in
1100 2839 1130 2891 25

33 2918 143 2983 itinere
166 2942 241 2985 curn
266 2920 398 3003 legione
421 2922 574 2985 occurrit.
635 2917 838 2993 ‘Labienus
859 2917 994 2980 interitu
1021 2916 1081 2979 Sa·

33 3018 95 3082 bini
121 3032 155 3084 et
181 3023 283 3085 caede
311 3022 494 3098 cohortium
524 3021 665 3103 cognita,
692 3040 766 3084 cum
795 3038 909 3081 omnes
935 3018 975 3079 ad
1004 3037 1078 3079 eum

34 3118 243 3185 Treverorum
283 3122 396 3204 copiae
430 3122 609 3198 venissent,
634 3121 767 3193 veritus,
797 3119 825 3181 si
860 3138 899 3180 ex
933 3117 1080 3180 hibernis

35 3216 123 3301 fugae
146 3224 287 3287 similem
316 3220 556 3305 profectionem
580 3221 723 3297 fecisset,
747 3232 782 3283 ut
806 3218 950 3282 hostium
979 3218 1080 3299 impe-

37 3330 96 3383 tum
120 3324 288 3387 sustinere
315 3336 439 3404 posset,
463 3324 656 3406 praesertim
685 3343 768 3405 quos
791 3319 917 3383 recenti
940 3318 1079 3382 victoria
1098 3341 1130 3391 30

36 3417 133 3486 efferri
167 3424 278 3499 sciret,
312 3416 460 3487 ⁵litteras
495 3424 629 3487 Caesari
663 3422 810 3495 remittit,
846 3430 970 3503 quanto
1003 3439 1077 3482 cum

37 3523 169 3599 periculo
201 3524 368 3606 legionem
404 3546 444 3587 ex
476 3525 622 3588 hibernis
653 3525 834 3586 educturus
864 3531 972 3597 esset;
1009 3540 1076 3581 rem

37 3636 151 3700 gestam
176 3626 210 3687 in
235 3625 450 3689 Eburonibus
474 3625 667 3707 perscribit;
691 3626 788 3687 docet
815 3642 930 3685 omnes
952 3619 1079 3703 equita-

38 3731 84 3785 tus
104 3727 332 3808 peditatusque
349 3726 460 3808 copias
485 3727 704 3789 Treverorum
729 3724 791 3788 tria
807 3723 896 3785 milia
919 3741 1077 3804 passuum

38 3818 123 3904 longe
138 3827 178 3889 ab
196 3826 265 3889 suis
282 3826 400 3889 castris
418 3826 616 3889 consedisse.
1096 3830 1125 3885 35

73 3928 119 4001 48.
142 3925 273 4000 Caesar,
293 3925 431 3988 consilio
454 3926 526 4008 ejus
550 3924 695 4005 probato,
712 3922 776 3987 etsi
800 3920 953 4001 opinione
977 3918 1076 3981 trium
