2667 4159
174 186 214 265 76
419 181 600 264 Campaigu
623 182 758 263 against
781 182 833 243 tlte
859 181 1026 244 Germano.
1157 198 1279 267 [CAEsnn

216 374 368 439 celeriter
395 394 485 436 arma
513 394 631 455 capere
658 382 849 455 potuerunt,
879 374 1046 455 paulisper
1078 375 1204 438 nostris
1233 396 1280 438 re-

217 473 385 545 stiterunt,
412 481 511 552 atque
534 472 623 534 inter
646 492 758 534 carros
784 472 1087 554 impedimentaque
1113 474 1277 553 proelium

216 570 475 633 commiserunt:
514 577 548 631 at
579 569 705 651 reliqua
737 569 917 631 multitudo
953 590 1130 651 puerorum
1164 572 1277 633 mulie-

216 686 495 749 rumque-nam
528 686 603 728 cum
634 666 789 728 omnibus
821 666 889 728 suis
922 667 1020 729 domo
1062 679 1279 730 excesserant

189 767 442 849 5Rhenumque
481 763 873 845 transierant—passim
911 761 1027 847 fugere
1066 765 1177 846 coepit
1193 786 1201 839 ;
1237 767 1280 827 ad

215 884 298 945 quos
315 865 559 927 consectandos
577 861 701 925 Caesar
717 862 902 944 equitatum
920 861 1017 925 misit.

262 975 308 1042 15.
336 961 503 1037 Germani,
521 968 597 1040 post
625 969 757 1040 tergum
784 958 928 1021 clamore
952 959 1075 1033 audit0,
1096 979 1173 1022 cum
1198 980 1281 1023 suos

215 1058 359 1122 interfici
385 1058 548 1130 viderent,
575 1056 675 1119 armis
703 1055 845 1137 abjectis
875 1056 1047 1140 signisque
1075 1058 1281 1120 militaribus

217 1156 352 1230 relictiS,
371 1176 407 1219 se
423 1176 464 1218 ex
480 1154 600 1218 castris
624 1152 805 1235 ejecerunt,
824 1161 859 1217 et
883 1173 958 1216 cum
982 1154 1024 1217 ad
1047 1154 1280 1217 confluentem

174 1276 204 1311 ιο
216 1254 333 1316 Mosae
364 1263 397 1316 et
425 1252 537 1315 Rheni
563 1252 808 1334 pervenissent,
831 1250 958 1333 reliqua
982 1248 1062 1333 iuga
1087 1253 1279 1334 desperata,

215 1371 337 1433 magno
367 1369 505 1413 numero
536 1345 725 1421 interiecto,
752 1348 869 1430 reliqui
896 1368 932 1411 se
963 1348 996 1410 in
1027 1348 1153 1412 flumen
1187 1371 1281 1431 prae-

215 1449 458 1530 cipitaverunt;
488 1455 589 1529 atque
612 1445 657 1507 ibi
683 1445 811 1519 timore,
836 1446 1044 1521 lassitudine,
1069 1447 1101 1509 vi
1126 1446 1280 1511 fluminis

215 1545 366 1628 oppressi
382 1544 561 1627 perierunt.
608 1539 750 1605 ²Nostri
766 1544 806 1605 ad
825 1563 927 1606 unum
943 1563 1059 1607 omnes
1077 1544 1278 1623 incolumeS,

214 1644 389 1725 perpaucis
405 1641 598 1715 vulneratis
616 1660 657 1704 ex
673 1640 759 1702 tanti
775 1639 854 1703 belli
877 1640 1007 1716 timore,
1025 1662 1100 1705 cum
1125 1642 1278 1706 hostium
1314 1634 1318 1639 ⁸

173 1764 200 1814 15
215 1762 373 1805 numerus
390 1740 537 1821 capitum
562 1756 723 1801 ccccxxx
747 1737 874 1799 milium
897 1735 1027 1813 fuisset,
1045 1758 1081 1801 se
1106 1739 1139 1801 in
1166 1752 1280 1804 eastra

215 1847 421 1920 receperunt.
482 1835 631 1901 ³Caesar
661 1834 711 1910 iis,
744 1855 827 1917 quos
858 1834 892 1897 in
925 1836 1043 1899 castris
1075 1836 1275 1913 retinuerat,

214 1936 409 2000 discedendi
447 1944 650 2017 potestatem
693 1929 782 1996 fecit.
847 1932 900 1994 illi
947 1933 1107 2015 supplicia
1154 1936 1280 1999 crucia·
1327 1978 1328 2005 ἒ

214 2044 335 2117 tusque
381 2033 552 2096 Gallorum
586 2030 693 2106 veriti,
734 2050 872 2113 quorum
919 2050 1016 2112 agros
1061 2043 1277 2109 vexaverant,
1327 2006 1328 2050 ¹

214 2152 386 2196 remanere
418 2153 454 2195 se
484 2132 572 2213 apud
602 2152 681 2194 eum
713 2130 798 2193 velle
831 2130 995 2192 dixerunt.
1045 2129 1111 2192 His
1151 2129 1280 2195 Caesar
1326 2208 1327 2211 Ἴ

172 2252 203 2287 20
214 2231 403 2293 libertatern
421 2230 595 2293 concessit.
1326 2218 1327 2278 l

262 2328 309 2390 16.
334 2328 534 2391 Germanico
557 2327 646 2391 bello
670 2322 833 2401 confecto,
858 2326 972 2391 multis
996 2328 1037 2392 de
1060 2327 1172 2393 causis
1197 2328 1280 2393 Cae-

215 2446 268 2488 sar
298 2426 416 2488 statuit
448 2425 511 2488 sibi
544 2425 701 2489 Rhenum
733 2442 808 2486 esse
839 2426 1096 2489 transeundum:
1135 2448 1276 2511 quarum
1325 2424 1326 2508 l

214 2524 270 2586 illa
298 2521 362 2587 fuit
388 2524 584 2606 justissima,
601 2524 698 2607 quod,
726 2544 801 2587 cum
827 2522 955 2588 videret
988 2524 1175 2589 Germanos
1207 2536 1276 2589 tam

213 2618 311 2684 facile
326 2621 452 2704 impelli
469 2632 505 2685 ut
522 2622 556 2684 in
580 2622 722 2685 Galliam
745 2621 908 2696 venirent,
927 2622 995 2685 suis
1019 2642 1150 2705 quoque
1176 2624 1277 2686 rebus

171 2741 201 2792 25
215 2739 272 2781 eos
288 2718 407 2782 timere
423 2719 538 2794 voluit,
556 2740 629 2781 cum
655 2718 893 2802 intellegerent
918 2729 951 2782 et
975 2739 1074 2800 posse
1090 2730 1124 2783 et
1151 2722 1277 2784 audere
1323 2794 1324 2803 ἵ

214 2816 327 2898 populi
367 2816 511 2880 Romani
549 2816 730 2879 exercitum
772 2816 928 2879 Rhenum
973 2817 1125 2880 transire.
1187 2815 1279 2881 2Ac·

215 2912 315 2977 cessit
340 2914 451 2989 etiam,
483 2914 570 2996 quod
602 2913 658 2976 illa
688 2933 765 2996 pars
804 2914 973 2996 equitatus
1020 2914 1202 2997 Usipetum
1240 2926 1277 2980 et

215 3010 466 3084 Tencterorum,
506 3030 605 3093 quam
646 3031 743 3092 supra
789 3012 1045 3075 commemoravi
1090 3012 1276 3096 praedandi
1322 3024 1323 3037 ¹

214 3106 506 3190 frumentandique
530 3127 630 3171 causa
662 3108 793 3173 Mosam
819 3107 988 3183 transisse,
1015 3128 1123 3192 neque
1147 3110 1276 3193 proelio
1321 3038 1323 3197 i

173 3228 204 3277 30
216 3204 419 3283 interfuisse,
445 3215 521 3287 post
544 3202 657 3287 fugam
689 3224 824 3271 suorum
857 3226 893 3268 se
924 3216 1016 3272 trans
1049 3207 1207 3272 Rhenum
1240 3208 1275 3270 in

216 3303 299 3367 fines
326 3303 586 3385 Sugambrorum
611 3312 793 3383 receperat,
819 3322 921 3385 seque
946 3324 1020 3366 cum
1045 3304 1084 3367 iis
1116 3306 1276 3387 conjunx-

216 3410 294 3463 erat.
341 3398 421 3462 8Ad
453 3419 649 3482 quoscum
690 3399 813 3462 Caesar
851 3400 987 3463 nuntios
1026 3400 1184 3476 misisset,
1218 3404 1274 3485 qui

216 3497 434 3578 postularent,
460 3507 517 3561 'eos
541 3496 597 3579 qui
622 3497 686 3560 sibi
710 3496 905 3580 Galliaeque
930 3498 1053 3560 bellum
1077 3499 1274 3563 intulissent

216 3595 279 3657 sibi
318 3595 487 3669 dederent,
528 3596 794 3675 responderunt:
841 3596 978 3676 ‘Populi
1027 3597 1171 3659 Romani
1219 3598 1282 3669 im-,

83 3698 86 3705 '
175 3710 203 3762 35
217 3692 344 3770 perium
377 3693 533 3754 Rhenum
572 3692 688 3757 finire:
727 3693 755 3756 si
793 3713 829 3756 se
868 3692 973 3755 invito
1014 3693 1202 3757 Germanos
1239 3696 1273 3757 in

219 3787 360 3850 Galliam
398 3789 540 3851 transire
579 3809 647 3850 non
686 3810 826 3871 acquum
869 3789 1085 3866 existimaret,
1126 3812 1186 3854 cur
1225 3793 1273 3854 sui
