2667 4159
143 153 185 231 36
451 149 516 212 Tlre
539 150 681 232 Belgium
708 147 928 231 Conscdemcy.
1125 139 1254 234 [Casan

186 343 296 417 etiam,
323 343 410 424 quod
434 342 467 404 in
493 341 601 406 Gallia
623 363 642 404 a
666 343 911 424 potentioribus
934 353 1034 427 atque
1058 342 1098 405 iis
1121 342 1179 424 qui
1208 344 1253 405 ad

186 440 424 504 conducendos
442 439 595 505 homines
619 437 800 503 facultates
823 441 1002 515 habebant,
1019 440 1119 523 vulgo
1144 461 1255 523 regna

186 538 445 618 occupabantur,
474 536 528 618 qui
554 536 664 600 minus
688 534 785 601 facile
813 558 885 601 eam
911 558 981 601 rem
1008 537 1147 619 imperio
1174 557 1256 601 nos-

185 647 238 699 tro
255 634 415 718 consequi
433 644 598 715 poterant.

160 759 172 808 5
231 751 257 797 2.
285 719 508 795 His'nuntiis
547 731 736 815 litterisque
774 743 969 808 commotus,
1003 732 1126 796 Caesar
1164 733 1253 810 duas

185 832 338 914 legiones
367 830 401 891 in
430 828 583 892 citeriore
610 829 719 914 Gallia
742 850 847 892 novas
871 828 1078 913 conscripsit,
1101 840 1135 894 et
1164 830 1255 894 inita

186 938 324 1002 aestate,
354 927 388 989 in
420 926 613 989 interiorem
644 925 787 990 Galliam
818 927 873 1009 qui
901 929 1090 1002 deduceret,
1121 927 1160 1009 Q.
1193 929 1256 992 Pe-

186 1028 276 1090 dium
301 1026 450 1106 legatum
475 1023 573 1087 misit.
620 1021 732 1107 2Ipse,
750 1025 992 1107 cumprimum
1017 1025 1129 1107 pabuli
1153 1026 1255 1107 copia

186 1145 261 1188 esse
286 1123 458 1202 inciperet,
485 1123 525 1184 ad
550 1121 733 1185 exercitum
750 1121 852 1185 venit.
901 1122 968 1185 Dat
993 1123 1166 1204 negotium
1193 1121 1256 1186 Se-

146 1222 331 1284 rononibus
365 1219 567 1300 reliquisque
598 1219 713 1293 Gallis,
742 1219 798 1300 qui
830 1220 964 1282 finitimi
996 1219 1109 1302 Belgis
1141 1230 1252 1295 erant,

187 1319 236 1381 uti
260 1337 407 1400 eaquae
431 1317 519 1399 apud
551 1335 608 1379 eos
639 1326 801 1429 geranqur
831 1327 1046 1400 cognoscant,
1072 1337 1175 1399 seque
1207 1319 1255 1382 de

188 1417 240 1478 his
271 1416 370 1478 rebus
403 1413 579 1477 certiorem
613 1409 746 1478 faciant.
794 1411 866 1477 3Hi
898 1424 1092 1479 constanter
1129 1437 1254 1480 omnes

189 1514 428 1576 nuntiaverunt
460 1531 578 1574 manus
609 1511 694 1593 cogi,
723 1512 905 1576 exercitum
938 1512 970 1575 in
1002 1535 1106 1577 unum
1137 1514 1254 1577 locum

189 1610 338 1674 conduci.
385 1606 495 1671 4Tum
513 1628 593 1671 vero
609 1609 829 1672 dubitandum
848 1631 916 1673 non
939 1610 1143 1674 existimavit
1167 1612 1255 1694 quin
1279 1621 1283 1625 ’

148 1711 229 1782 15ad
267 1728 325 1770 eos
364 1705 638 1788 proficisceretur.
703 1707 755 1770 Re
792 1705 1010 1771 frumentaria
1048 1719 1255 1790 comparata,

189 1816 298 1870 castra
329 1813 452 1879 movet,
484 1804 668 1885 diebusque
700 1803 835 1868 circiter
870 1805 1060 1888 quindecim
1091 1806 1132 1868 ad
1162 1807 1256 1870 fines

190 1904 367 1984 Belgarum
389 1900 551 1982 pervenit.

235 2018 260 2080 3.
289 2001 339 2062 Eo
365 2019 440 2061 curn
467 1999 509 2061 de
534 1997 714 2082 improviso
741 1999 949 2082 celeriusque
975 1999 1066 2063 omni
1091 2000 1256 2082 opinione

189 2098 348 2173 venisset,
383 2096 491 2171 Remi,
524 2095 580 2179 qui
611 2096 751 2178 proximi
783 2097 909 2160 Galliae
940 2118 982 2160 ex
1013 2097 1127 2180 Belgis
1158 2112 1255 2176 sunt,

147 2219 179 2254 20
190 2198 231 2260 ad
263 2217 338 2258 eum
373 2193 502 2275 legatos
542 2193 668 2257 Iccium
707 2204 741 2257 et
770 2194 1092 2270 Andocumborium,
1123 2196 1256 2278 primos

190 2293 344 2366 civitatis,
374 2291 547 2368 miserunt,
573 2290 629 2374 qui
660 2291 832 2357 dicerent:
862 2288 951 2356 2‘Se
981 2313 1107 2375 suaque
1137 2295 1259 2360 omnia

190 2391 225 2454 in
256 2391 356 2452 fidem
388 2398 488 2472 atque
528 2389 562 2451 in
600 2397 804 2471 potestatem
843 2389 957 2471 populi
997 2391 1142 2453 Romani
1179 2413 1259 2473 pcr-

191 2488 335 2563 mittere,
368 2507 476 2568 neque
516 2507 553 2549 se
585 2507 659 2548 cum
700 2485 813 2568 Belgis
852 2487 987 2569 reliquis
1025 2489 1257 2566 consensisse,

191 2606 300 2667 neque
323 2594 441 2646 contra
463 2583 622 2665 populum
655 2584 845 2646 Romanum
876 2584 1079 2666 conjurasse,
1104 2597 1261 2668 paratos·

148 2705 178 2757 25
191 2704 256 2764 que
272 2701 348 2744 esse
364 2689 398 2742 et
423 2679 556 2742 obsides
581 2681 659 2743 dare
684 2690 717 2742 et
742 2681 906 2762 imperata
927 2679 1037 2745 iacere
1060 2693 1095 2746 et
1118 2685 1259 2765 oppidis

191 2780 340 2860 recipere
378 2786 412 2839 et
442 2775 610 2839 frumento
642 2778 830 2858 ceterisque
861 2777 960 2841 rebus
991 2779 1126 2860 juvare3
1155 2777 1260 2845 3reli-
1333 2825 1334 2830 κ

191 2897 274 2959 quos
299 2895 416 2937 omnes
441 2874 561 2955 Belgas
585 2873 618 2935 in
650 2875 751 2936 armis
782 2895 866 2949 esse,
898 2874 1162 2960 Germanosque,
1195 2881 1259 2962 qui

192 2975 239 3037 cis
264 2974 422 3036 Rhenum
454 2970 611 3045 incolant,
637 2992 712 3034 sese
744 2992 818 3034 cum
846 2972 899 3034 his
927 2973 1154 3054 conjunxisse,
1180 2986 1261 3039 tan-

190 3081 330 3152 tumque
347 3089 421 3131 esse
438 3089 551 3131 eorum
576 3069 724 3130 omnium
748 3066 904 3145 furorem,
923 3082 959 3132 ut
984 3092 1026 3133 ne
1051 3071 1259 3138 Suessiones

148 3193 179 3241 30
192 3169 335 3250 quidem,
374 3164 495 3228 fratres
535 3165 869 3248 consanguineosque
910 3188 997 3242 suos,
1038 3169 1093 3250 qui
1133 3170 1256 3234 eodem

190 3267 263 3348 jure
287 3275 320 3327 et
344 3264 452 3326 isdem
477 3263 608 3344 legibus
633 3272 778 3337 utantur,
804 3284 906 3325 unum
935 3264 1111 3345 imperium
1135 3288 1260 3330 unum·
1331 3272 1332 3337 ζ

191 3384 255 3445 que
283 3361 514 3443 magistratum
543 3380 618 3422 cum
648 3359 728 3440 ipsis
755 3360 912 3434 habeant,
941 3362 1111 3426 deterrere
1138 3373 1261 3446 potue·
1331 3372 1332 3377 ’

192 3462 258 3522 rint
275 3459 355 3541 quin
373 3477 446 3522 cum
464 3457 515 3519 his
533 3456 785 3520 consentirent.’

234 3577 263 3636 4.
291 3557 375 3618 Cum
400 3555 440 3617 ab
465 3554 516 3616 his
541 3564 725 3636 quaereret,
751 3576 834 3636 quae
859 3557 1013 3620 civitates
1041 3568 1260 3642 quantaeque
1331 3626 1332 3631 ,

149 3678 178 3730 35
192 3655 226 3717 in
252 3653 351 3716 armis
379 3659 503 3726 essent,
529 3661 563 3713 et
587 3651 666 3732 quid
690 3650 725 3713 in
749 3652 836 3715 bello
867 3665 1017 3734 possent,
1043 3655 1091 3718 sic
1114 3659 1260 3737 reperie-

193 3754 271 3815 bat:
316 3747 515 3832 ²plerosquc
563 3748 684 3830 Belgas
724 3769 798 3812 esse
838 3760 929 3815 ortos
975 3752 1016 3815 ab
1064 3752 1258 3831 Germanis,
