2667 4159
209 257 266 322 Ι72
487 268 490 274 ’
547 243 671 325 Vutory
686 247 726 326 uf
734 243 905 307 Labienus.
1129 240 1257 307 [Casan

203 440 262 502 has
279 460 399 520 magno
420 438 530 501 sonitu
550 460 713 501 remorum
737 438 890 502 incitatas
914 438 946 498 in
964 439 1102 500 eandem
1127 451 1257 518 partem

203 543 311 602 mittit.
361 541 437 621 Ipse
465 551 541 620 post
572 541 677 622 paulo,
705 540 837 602 silentio
865 560 1019 619 egressus
1047 559 1122 600 cum
1151 540 1258 602 tribus

202 641 398 721 legionibus,
415 661 489 702 eum
508 641 614 702 locum
633 641 715 720 petit
732 661 796 721 quo
814 660 913 700 naves
930 638 1049 720 appelli
1065 639 1222 719 jusserat.

245 742 295 805 61.
322 741 372 802 Eo
400 761 474 802 cum
502 752 590 802 esset
617 750 762 813 ventum,
786 740 1007 820 exploratores
1035 738 1192 812 hostium,
1222 751 1253 801 ut

170 841 291 910 somni
319 841 464 902 fluminis
492 852 585 921 parte
612 849 706 902 erant
734 839 893 920 dispositi,
920 838 1142 918 inopinantes,
1167 840 1254 920 quod

202 962 320 1023 magna
348 942 457 1004 subito
482 951 552 1004 erat
580 949 693 1002 coorta
720 951 907 1020 tempestas
932 939 973 1000 ab
1000 939 1123 1001 nostris
1147 940 1254 1020 opprir

202 1053 336 1104 muntur
349 1063 356 1117 ;
380 1042 541 1104 exercitus
566 1041 806 1124 equitatusque,
826 1040 990 1122 equitibus
1016 1039 1178 1101 Romanis
1201 1040 1256 1101 ad-

202 1143 464 1205 ministrantibus
499 1163 581 1224 quos
619 1142 646 1204 ei
686 1142 820 1221 negotio
857 1139 1067 1221 praefecerat,
1103 1141 1251 1202 celeriter

201 1242 445 1304 transmittitur.
491 1239 593 1305 ²Uno
615 1239 686 1304 iere
711 1253 858 1324 tempore
882 1242 944 1304 sub
970 1241 1077 1303 lucem
1102 1241 1255 1303 hostibus

155 1371 182 1404 10
202 1343 374 1404 nuntiatur
391 1343 424 1404 in
442 1343 558 1405 castris
580 1343 806 1405 Romanorum
828 1354 959 1424 praeter
976 1342 1250 1404 consuetudinem

201 1443 401 1516 tumultuari,
418 1453 451 1504 et
472 1464 628 1524 magnum
649 1443 697 1505 ire
712 1463 832 1524 agmen
849 1445 986 1506 adverso
1005 1443 1150 1517 flumine,
1168 1443 1249 1505 soni·

201 1554 336 1625 tumque
353 1562 515 1604 remorum
534 1544 567 1604 in
585 1545 700 1605 eadem
722 1555 815 1625 parte
831 1544 986 1617 exaudiri,
1003 1554 1035 1606 et
1053 1543 1151 1624 paulo
1169 1543 1251 1605 inira
1327 1550 1328 1557 ’

199 1643 319 1706 milites
350 1644 488 1706 navibus
520 1644 748 1724 transportari.
809 1641 963 1725 ³Quibus
993 1644 1091 1706 rebus
1123 1645 1255 1716 auditis
1327 1654 1328 1669 ³

200 1744 287 1824 quod
311 1744 544 1806 existimabant
569 1745 676 1806 tribus
704 1743 783 1806 locis
809 1744 950 1826 transire
973 1743 1128 1824 legiones
1153 1755 1256 1827 atquc
1327 1806 1328 1831 ,

153 1876 181 1927 15
200 1864 314 1905 omnes
332 1844 540 1923 perturbatos
558 1841 745 1906 deiectione
764 1844 980 1906 Haeduorum
996 1841 1109 1924 fugam
1129 1864 1254 1923 parare,
1327 1902 1328 1923 ,

199 1965 274 2006 suas
291 1965 420 2027 quoque
438 1944 547 2024 copias
570 1945 602 2006 in
628 1955 695 2006 tres
715 1955 823 2025 partes
840 1944 1086 2007 distribuerunt.
1132 1944 1254 2018 ⁴Nam,
1327 1932 1328 1957 ³

199 2046 360 2123 praesidio
387 2067 405 2106 e
428 2045 562 2125 regione
593 2056 779 2107 castrorum
803 2046 927 2115 relicte,
953 2055 986 2106 et
1021 2065 1120 2125 parva
1152 2065 1254 2106 manu

200 2145 415 2207 llllelodunum
448 2165 563 2206 versus
599 2145 708 2220 missa,
741 2166 824 2226 quae
858 2155 986 2206 tantum
1021 2146 1255 2226 progrediatur

199 2257 357 2326 quantum
393 2265 493 2307 naves
529 2246 778 2326 processissent,
812 2246 954 2327 reliquas
989 2246 1101 2327 copias
1137 2258 1255 2308 contra

149 2375 180 2410 20
200 2345 383 2407 Labienum
401 2345 576 2406 duxerunt.

241 2447 294 2506 62.
321 2445 429 2507 Prima
452 2446 525 2508 luce
541 2456 575 2507 et
599 2445 703 2507 nostri
726 2467 842 2508 omnes
860 2457 954 2508 erant
977 2447 1203 2527 transportati,
1221 2459 1253 2510 et
1327 2434 1328 2473 ³

198 2546 341 2606 hostium
367 2546 455 2608 acies
480 2547 687 2607 cernebatur.
733 2543 934 2619 2Labienus,
959 2546 1078 2608 milites
1102 2547 1254 2609 cohorta-
1327 2616 1328 2623 ,

198 2655 251 2707 tus
269 2657 304 2706 ut
328 2666 407 2708 suae
431 2646 590 2726 pristinae
613 2645 744 2708 virtutis
765 2657 799 2708 et
823 2645 1136 2708 secundissimorum
1163 2669 1254 2729 proe

198 2744 313 2806 liorum
349 2745 529 2808 retinerent
564 2746 765 2820 memoriam,
799 2758 899 2827 atque
924 2747 1028 2826 ipsum
1065 2746 1252 2822 Caesarem,

150 2875 178 2926 ες
198 2846 293 2926 cujus
321 2845 422 2906 ductu
447 2865 685 2926 saepenumero
709 2845 822 2934 hostes
850 2857 1069 2926 superassent,
1097 2868 1253 2926 praesen·

198 2954 264 3006 tem
293 2945 408 3006 adesse
436 2945 672 3020 existimarent,
700 2945 757 3006 dat
785 2948 916 3026 signum
949 2944 1070 3026 proelii.
1117 2943 1252 3010 ³Prim0
1327 2992 1328 3025 3

198 3064 368 3118 concursu,
386 3046 426 3106 ab
447 3047 562 3107 dextro
580 3065 692 3119 cornu,
710 3046 766 3107 ubi
783 3048 922 3126 septima
941 3045 1026 3125 legio
1043 3055 1252 3122 constiterat,
1327 3112 1328 3133 ξ

198 3143 310 3206 hostes
329 3146 495 3225 pelluntur
507 3155 606 3227 atque
620 3145 651 3206 in
665 3143 777 3225 lugam
796 3146 1024 3222 coniciuntur;
1048 3146 1089 3208 ab
1106 3148 1251 3221 sinistra,
1327 3186 1328 3201 κ

198 3264 293 3325 quem
313 3247 419 3306 locum
437 3245 632 3306 duodecima
651 3245 737 3326 legio
754 3247 895 3318 tenebat,
913 3267 987 3309 cum
1006 3246 1100 3327 primi
1118 3250 1253 3311 ordines
1327 3244 1328 3265 ²

149 3375 180 3425 30
197 3341 340 3406 hostium
363 3345 509 3407 transfixi
532 3346 606 3427 pilis
624 3348 856 3419 concidissent,
874 3359 985 3410 tamen
1002 3350 1161 3412 acerrime
1178 3350 1250 3414 reli·
1327 3372 1328 3403 z

198 3445 251 3525 qui
275 3445 484 3515 resistebant.
502 3468 563 3510 nec
583 3449 682 3510 dabat
706 3449 925 3529 suspicionem
949 3449 1045 3530 fugae
1064 3452 1251 3533 quisquam.
1327 3462 1328 3521 ζ

197 3543 299 3625 4lpse
315 3548 380 3608 dux
405 3549 546 3610 hostium
575 3547 818 3630 Camulogenus
842 3550 910 3612 suis
932 3552 1055 3626 aderat,
1073 3562 1175 3633 atque
1193 3572 1251 3614 eos
1327 3546 1328 3563 ²

198 3647 437 3710 cohortabatur.
488 3650 617 3710 Incerto
643 3652 852 3711 nuncetiam
878 3651 965 3712 exitu
990 3653 1156 3726 victoriae,
1174 3673 1252 3714 cum
1327 3660 1328 3663 ’

198 3748 357 3824 septimae
381 3748 519 3827 legionis
549 3749 689 3809 tribunis
713 3759 798 3810 esset
827 3753 1014 3811 nuntiatum
1038 3771 1122 3832 quae
1151 3752 1183 3813 in
1210 3774 1252 3813 sr—
1327 3824 1328 3827 Ἴ

150 3861 179 3912 35
200 3847 303 3906 nistro
320 3866 420 3906 cornu
446 3858 646 3926 gererentur,
665 3860 738 3926 post
763 3864 890 3927 tergum
915 3850 1058 3911 hostium
1086 3855 1250 3932 legionem

198 3945 422 4014 ostenderunt,
442 3947 600 4026 signaque
626 3950 812 4030 intulerunt
860 3962 870 3982 ι·
882 3949 934 4008 Ne
955 3969 994 4009 eo
1011 3952 1143 4029 quidem
1169 3964 1251 4012 tem·
