2667 4159
49 214 80 266 B·
96 215 130 266 G·
148 216 214 266 Vll·
230 219 284 281 775
374 219 439 280 Tae
451 219 610 300 Besieged
621 219 656 280 in
674 219 792 280 Alesia.
1044 222 1099 281 181

91 423 143 488 77.
169 410 220 472 At
238 411 261 472 ii
283 411 340 493 qui
356 412 492 474 Alesiae
515 411 760 482 obsidebantur,
778 411 954 492 praeterita
970 411 1024 474 die
1040 432 1104 494 qua

48 531 180 572 suorum
215 510 337 573 auxilia
369 522 651 594 exspectaverant,
683 522 881 593 consumpto
912 511 1001 574 omni
1036 509 1104 574 iru-

48 621 168 684 mento,
186 611 282 673 inscii
300 611 377 692 quid
399 612 430 673 in
455 612 604 674 Haeduis
625 622 803 693 gereretur,
821 611 960 674 concilio
977 623 1101 684 coacto

47 712 87 773 de
109 712 200 774 exitu
226 731 361 774 suarum
383 709 590 775 fortunarum
616 712 857 776 consultabant.
903 709 979 774 ²Ac
1004 711 1102 775 variis

46 811 359 884 dictissententiis,
392 832 532 894 quarum
563 833 638 894 pars
670 813 880 887 deditionem,
912 832 994 893 pars
1022 813 1135 893 dum5

46 911 131 974 vires
157 922 384 993 suppeterent,
405 913 612 993 eruptionem
639 913 828 985 censebant,
847 932 912 974 non
938 923 1102 993 praetere·

46 1013 133 1073 unda
155 1013 263 1075 oratio
288 1012 474 1092 Critognati
497 1013 635 1086 videtur,
652 1023 786 1093 propter
807 1011 878 1093 ejus
901 1011 1100 1092 singularem

46 1131 82 1172 ac
112 1110 273 1174 nefariam
306 1111 542 1192 crudelitatem.
588 1109 688 1186 ³Hic,
714 1133 843 1174 summo
875 1112 908 1173 in
939 1111 1101 1174 Arvernis

46 1224 136 1274 ortus
170 1211 255 1287 loc0,
285 1223 320 1275 et
353 1233 493 1294 magnae
529 1211 661 1275 habitus
692 1211 916 1275 auctoritatis:
951 1211 1100 1284 “Nihil'’

44 1311 159 1395 inquit,
181 1314 250 1375 “de
273 1333 385 1376 eorum
411 1314 577 1376 sententia
599 1313 748 1376 dicturus
773 1333 854 1385 sum,
873 1313 928 1395 qui
952 1313 1150 1394 turpissi·10

44 1432 130 1474 mam
165 1412 360 1476 servitutem
396 1413 573 1477 deditionis
604 1414 739 1476 nornine
769 1413 957 1494 appellant;
992 1434 1100 1496 neque

44 1513 103 1575 hos
129 1514 301 1577 habendos
318 1514 438 1576 civium
463 1514 544 1589 loc0,
562 1534 669 1596 neque
686 1515 726 1575 ad
751 1513 924 1576 consilium
942 1513 1100 1576 adhiben-

42 1615 100 1675 dos
129 1634 263 1676 censeo.
308 1611 417 1677 *Cum
449 1614 501 1676 his
533 1615 612 1689 mihi
646 1635 697 1676 res
725 1614 776 1687 sit,
805 1613 860 1695 qui
891 1613 1098 1694 eruptionem

37 1715 207 1793 -probant3
235 1734 374 1796 quorum
391 1715 424 1776 in
442 1715 587 1788 consilio,
601 1715 745 1777 omnium
764 1725 909 1776 vestrum
927 1734 1098 1790 consensu,

41 1815 205 1894 pristinae
229 1815 372 1876 residere
390 1814 523 1877 virtutis
547 1814 706 1877 memoria
721 1814 859 1876 videtur.
907 1813 1023 1876 Animi
1047 1827 1098 1877 est
1119 1843 1147 1896 15

41 1915 105 1977 ista
130 1914 295 1987 mollities
321 1934 386 1976 non
414 1915 529 1989 virtus,
553 1914 719 1995 paulisper
747 1912 890 1994 inopiam
919 1913 1003 1977 ferre
1031 1935 1096 1977 non

41 2035 149 2094 posse.
196 2011 288 2096 ⁵Qui
307 2035 343 2076 se
360 2015 445 2077 ultro
461 2015 560 2077 morti
579 2010 721 2078 offerant
737 2011 863 2076 facilius
881 2013 1097 2093 reperiuntur,

41 2136 142 2196 quarn
169 2115 227 2197 qui
255 2115 401 2177 dolorem
430 2115 593 2196 patienter
620 2111 736 2177 serant.
784 2113 899 2195 Atque
923 2135 984 2195 ego
1011 2114 1096 2178 hanc

42 2216 243 2278 sententiam
268 2215 441 2295 probarem
461 2214 604 2296 (tantum
622 2216 710 2296 apud
731 2235 784 2278 rne
799 2213 945 2296 dignitas
963 2218 1095 2297 potest),

42 2317 66 2376 si
89 2315 218 2378 nullam
237 2325 467 2398 praeterquam
484 2316 572 2377 vitae
589 2327 721 2378 nostrae
738 2314 899 2396 jacturam
922 2315 992 2377 fieri
1008 2316 1096 2379 vide·
1115 2341 1146 2378 20

41 2436 132 2492 rem,
161 2416 228 2490 sed,
252 2415 286 2476 in
311 2415 449 2478 consilio
477 2415 646 2496 capiendo,
672 2436 802 2477 omnem
833 2415 973 2478 Galliam
998 2418 1097 2498 respi-

41 2516 174 2591 ciamus,
188 2505 287 2598 quam
301 2517 343 2577 ad
354 2528 503 2578 nostrum
517 2515 672 2577 auxilium
686 2515 931 2578 concitavimus.
974 2513 986 2554 ⁶
998 2517 1095 2600 Quid,

41 2616 212 2678 hominum
233 2614 365 2678 milibus
389 2634 483 2677 Lxxx
508 2637 573 2678 uno
596 2615 668 2679 loco
691 2615 884 2691 interiectis,
902 2620 1095 2704 propinquis

41 2717 363 2798 consanguineisque
380 2716 502 2778 nostris
520 2716 619 2778 animi
636 2715 707 2779 iore
723 2717 928 2794 existimatis
946 2723 974 2784 si
991 2744 1095 2801 paene

41 2817 71 2877 in
95 2817 180 2898 ipsis
200 2816 415 2879 cadaveribus
440 2817 564 2896 proelio
580 2817 749 2881 decertare
774 2822 958 2902 cogentur?
1004 2821 1094 2886 7Νο-
1115 2845 1143 2896 25

41 2915 95 2980 lite
126 2918 188 2980 hos
219 2928 329 2979 vestro
359 2916 479 2978 auxilio
510 2916 702 2997 exspoliare,
732 2921 786 3001 qui
822 2935 948 2985 vestrae
979 2925 1094 2987 salutis

43 3037 138 3081 causa
169 3037 267 3079 suum
302 3016 483 3097 periculum
514 3017 752 3097 neglexerunt3
791 3042 851 3084 nec
884 3023 1023 3086 stultitia
1057 3045 1094 3086 ac

43 3119 230 3181 temeritate
252 3127 371 3189 vestra,
398 3129 454 3178 aut
481 3117 582 3178 animi
606 3118 839 3196 imbecillitate,
864 3144 993 3186 omnem
1021 3125 1095 3187 Gal·

44 3219 114 3280 liam
139 3227 352 3300 prosternere
369 3229 403 3280 et
427 3231 604 3300 perpetuae
625 3222 776 3284 servituti
801 3224 957 3288 subicere.
1003 3221 1092 3300 8An,

43 3320 124 3399 quod
156 3319 199 3381 ad
228 3317 314 3380 diem
344 3339 410 3380 non
438 3332 610 3394 venerunt,
638 3323 680 3384 (le
708 3344 820 3385 eorum
852 3325 915 3388 fide
943 3339 1094 3389 constan·
1111 3347 1143 3396 30

43 3419 149 3501 tiaque
176 3418 360 3480 dubitatis?
407 3419 496 3502 Quid
524 3420 626 3501 ergo?
674 3422 842 3485 Romanos
870 3424 902 3486 in
930 3425 991 3488 illis
1015 3428 1094 3489 ulte-

43 3518 180 3582 rioribus
216 3518 456 3582 munitionibus
490 3520 634 3583 animine
668 3537 766 3585 causa
799 3525 918 3587 cotidie
949 3529 1092 3590 exerceri

44 3619 187 3698 putatis?
238 3617 298 3684 ⁹81
326 3620 455 3683 illorum
484 3621 608 3684 nuntiis
636 3623 822 3686 confirmari
851 3647 915 3688 non
944 3628 1092 3708 potestis

44 3721 129 3781 omni
146 3721 238 3783 aditu
255 3733 438 3802 praesepto,
451 3721 502 3783 his
519 3721 649 3784 utimini
666 3725 817 3798 testibus,
831 3729 1092 3810 appropinquare

45 3839 152 3882 eorum
175 3821 377 3896 adventum;
401 3821 495 3902 cujus
520 3823 567 3883 rei
591 3823 708 3884 timore
732 3825 886 3898 exterriti,
905 3828 989 3888 diem
1016 3847 1090 3886 noc·
1110 3842 1140 3892 35

45 3930 175 4003 temque
202 3921 237 3982 in
265 3942 363 4001 opere
386 3933 568 3984 versantur.
614 3919 639 3958 1⁰
650 3922 738 4002 Quid
768 3944 846 4003 ergo
874 3925 937 3985 mei
964 3922 1089 3984 consilii
