2667 4159
154 219 195 268 20
381 201 446 263 Tlre
472 197 653 283 Campazgu
677 200 812 282 against
833 200 1035 267 Ariovistus.
1136 217 1262 286 [ΟΜ
1324 289 1327 294 ¹

197 393 351 458 omnibus
384 391 489 455 Gallis
520 391 607 455 idem
643 412 719 455 esse
753 389 943 457 faciendum
979 396 1067 477 quod
1105 393 1263 458 Helvetii

195 489 347 566 fecerint,
384 499 420 552 ut
458 491 557 552 domo
596 490 772 572 emigrent,
804 491 893 555 aliud
931 491 1136 556 domicilium
1175 492 1263 555 alias

196 589 304 666 sedes,
321 596 466 651 remotas
490 607 509 649 a
534 579 722 662 GermaniS,
747 597 874 668 petant,
898 585 1142 670 fortunamque,
1160 612 1260 674 quae·
1331 632 1332 651 t

195 705 340 769 cumque
377 684 517 758 accidat,
558 685 780 767 experiantur.
832 681 973 749 ³²Haec
1011 687 1040 748 si
1081 689 1259 753 enuntiata
1331 746 1332 773 ,

170 781 370 858 5Ari0visto
397 781 475 857 sint,
502 802 569 844 non
595 781 757 858 dubitare,
783 783 862 866 quin
890 783 932 846 de
957 786 1113 849 omnibus
1137 787 1257 850 obsidi·
1331 816 1332 819 ¹

196 882 267 956 buS,
310 879 367 964 qui
408 879 495 962 apud
537 900 614 943 eum
656 879 734 956 sint,
780 880 1014 964 gravissimum
1056 883 1256 965 supplicium
1331 898 1332 909 ¹

195 987 315 1042 sumat.
364 975 542 1041 Caesarem
567 976 620 1040 vel
643 978 845 1042 auctoritate
869 1000 929 1042 sua
950 990 1052 1064 atque
1079 981 1256 1053 exercitus,
1331 974 1332 1059 j

196 1076 249 1138 vel
273 1074 401 1139 recenti
425 1073 574 1152 victoria,
600 1075 653 1138 vel
678 1076 813 1138 nomine
837 1076 951 1159 populi
977 1078 1129 1152 Romani,
1150 1079 1256 1141 deter
1330 1084 1332 1167 ᾗ

196 1193 269 1236 rere
293 1193 404 1256 posse,
426 1193 469 1236 ne
492 1172 598 1254 major
621 1173 803 1236 multitudo
827 1171 1072 1238 Germanorum
1097 1175 1259 1238 Rhenum

155 1297 184 1332 ιο
196 1271 397 1346 traducatur,
431 1269 638 1352 Galliamque
677 1291 812 1334 omnem
849 1271 898 1335 ab-
930 1270 1097 1335 Ariovisti
1133 1272 1261 1355 injuria
1331 1282 1332 1297 ¹

196 1388 295 1454 posse
310 1365 511 1431 defendere!
1331 1422 1332 1443 ,

241 1483 291 1545 32.
324 1465 399 1529 Hae
436 1464 588 1528 oratione
618 1465 660 1528 ab
691 1464 860 1530 Divitiaco
894 1465 1017 1542 habita,
1048 1486 1167 1530 omnes
1201 1470 1261 1551 qui
1331 1484 1332 1515 t

195 1572 333 1628 aerant
364 1581 487 1645 magno
519 1561 600 1625 fletu
632 1561 790 1626 auxilium
820 1584 840 1626 a
867 1563 1011 1627 Caesare
1041 1573 1157 1646 petere
1187 1585 1262 1629 coe-

195 1675 325 1751 perunt,
371 1659 623 1723 Animadvertit
641 1659 767 1724 Caesar
782 1680 867 1724 unos
889 1681 932 1724 ex
953 1661 1110 1724 omnibus
1135 1663 1262 1745 Sequa-

155 1788 182 1841 15
196 1786 258 1828 nos
282 1762 365 1826 nihil
389 1780 502 1826 earum
531 1778 640 1822 rerum
663 1755 774 1822 iacere
798 1777 880 1841 quas
900 1759 1004 1822 ceteri
1019 1755 1180 1837 facerent,
1199 1762 1259 1824 sed

196 1861 320 1936 tristeS,
339 1858 448 1943 capite
464 1854 620 1931 demisso,
639 1865 763 1918 terram
786 1855 919 1920 intueri.
965 1853 1077 1937 ²Ejus
1101 1857 1149 1919 rei
1172 1878 1260 1939 quae
1331 1922 1332 1925 ,

195 1984 295 2027 causa
325 1969 415 2025 esset
441 1957 589 2032 miratus
620 1976 661 2017 ex
685 1953 766 2042 ipsis
790 1953 942 2036 quaesiit.
990 1953 1084 2016 Nihil
1110 1954 1259 2037 Sequani

198 2060 411 2144 respondere,
444 2055 503 2119 sed
535 2053 568 2118 in
601 2053 719 2116 eadem
750 2051 888 2115 tristitia
921 2051 1015 2116 taciti
1048 2071 1257 2132 permanere.
1330 2108 1331 2115 ,

196 2157 280 2222 Cum
314 2157 357 2219 ab
386 2153 439 2219 his
474 2150 607 2235 saepius
637 2159 822 2233 quaereret,
848 2168 957 2231 neque
989 2149 1088 2211 ullam
1121 2150 1259 2212 omnino

152 2279 184 2315 20
195 2275 312 2319 vocem
358 2251 543 2334 exprimere
579 2258 703 2332 posset,
739 2246 827 2310 idem
869 2245 1057 2310 Divitiacus
1093 2246 1258 2310 Haeduus

195 2351 391 2438 respondit:
413 2345 535 2412 8‘Hoc
557 2366 634 2411 esse
658 2343 864 2408 miseriorem
886 2354 921 2406 et
944 2343 1132 2425 graviorem
1156 2341 1261 2407 fortu-

196 2474 273 2518 nam
307 2450 537 2534 Sequanorum
568 2466 667 2529 quam
697 2441 907 2524 reliquorum,
933 2440 1022 2524 quod
1052 2440 1114 2502 soli
1147 2456 1192 2504 ne
1223 2442 1257 2502 in

196 2549 328 2615 occulto
355 2548 488 2632 quidem
513 2543 606 2628 queri
635 2560 745 2625 neque
769 2538 926 2602 auxilium
954 2537 1133 2619 implorare
1161 2540 1261 2602 aude·

196 2659 292 2726 rent;
315 2643 531 2724 absentisque
549 2638 712 2703 Ariovisti
732 2636 974 2712 crudelitatem,
991 2634 1083 2699 velut
1101 2634 1129 2697 si
1145 2655 1259 2698 coram
1328 2648 1329 2717 t

154 2769 183 2821 ²5
196 2748 339 2822 adesset,
357 2746 541 2818 horrerent,
560 2748 740 2821 propterea
756 2734 844 2817 quod
864 2731 999 2815 reliquis
1018 2741 1133 2794 tamen
1157 2730 1259 2814 fugae
1328 2738 1330 2743 '

196 2842 337 2908 facultas
369 2843 512 2913 daretur,
546 2833 713 2918 Sequanis
744 2851 832 2903 vero,
857 2829 915 2912 qui
947 2829 1035 2892 intra
1061 2829 1148 2892 fines
1180 2851 1260 2892 suos
1327 2890 1328 2893 ,

197 2941 408 3003 Ariovistum
433 2935 649 3017 recepissent,
668 2950 807 3014 quorum
824 2926 946 3010 oppida
961 2922 1074 2990 omnia
1089 2927 1124 2988 in
1149 2937 1260 3009 potes·
1327 2932 1329 2952 ⁵

196 3046 266 3099 tate
283 3036 356 3118 ejus
373 3043 496 3108 essent,
515 3050 632 3095 omnes
650 3026 815 3092 cruciatus
833 3034 948 3088 essent
964 3021 1174 3105 perferendi'

227 3150 291 3211 ·33.
329 3131 395 3193 His
429 3131 528 3193 rebus
564 3125 720 3209 cognitis,
759 3123 883 3186 Caesar
915 3120 1088 3183 Gallorum
1126 3121 1260 3184 animos
1326 3152 1328 3211 3

154 3252 185 3299 30
196 3228 307 3292 verbis
346 3225 565 3299 confirmavit,
606 3220 841 3304 pollicitusque
834 3228 931 3378 11pest
972 3217 1035 3280 sibi
1056 3216 1148 3310 ‘eam
1188 3240 1259 3281 rem
1325 3302 1326 3309 ἵ

197 3347 295 3389 curae
319 3322 484 3398 futuram3
507 3340 662 3401 magnam
688 3339 724 3380 se
747 3317 832 3380 habe
852 3336 870 3379 e
894 3336 999 3396 spem,
1026 3324 1060 3377 et
1092 3315 1261 3379 beneficio
1325 3312 1326 3343 ³

197 3516 373 3583 facturum.
431 3515 506 3578 Hac
545 3511 695 3576 oratione
733 3511 810 3574 habi
828 3530 854 3584 a,
894 3509 1074 3572 concilium
1120 3510 1260 3573 dimisit.

197 3611 264 3680 ²Et
284 3613 468 3678 secundum
496 3632 534 3674 ea
565 3609 690 3672 multae
715 3629 768 3671 res
794 3627 870 3669 em
898 3602 1130 3682 hortahaintur,
1157 3629 1262 3689 quare
1324 3642 1326 3669 t

157 3713 261 3786 35sibi
300 3732 372 3775 eam
405 3730 474 3772 rem
509 3706 721 3788 cogitandam
754 3714 787 3768 et
819 3703 1068 3784 suscipiendam
1101 3714 1263 3786 putaret:

199 3807 370 3892 imprimiS,
412 3806 501 3889 quod
545 3803 715 3877 Haeduos,
753 3798 875 3864 'fratres
917 3801 1261 3885 consanguineosque

198 3444 257 3485 suo
281 3431 316 3484 et
340 3419 540 3483 auctoritate
557 3417 737 3479 adductum
762 3377 975 3668 Αῑξνίετνηι
999 3411 1102 3474 tinem
1127 3412 1260 3494 injuriis
1325 3424 1327 3439 '

1003 3987 1324 4129 ΑΛ]
