2667 4159
87 204 117 255 B.
130 204 167 255 G.
184 204 206 255 Ι.
222 202 281 273 29·]
339 242 342 258 ,
374 187 561 250 Surrender
580 188 620 269 of
637 186 691 248 tlte
712 186 918 249 Helvetium.
1161 203 1198 269 ry

86 382 222 445 traditis
248 379 416 462 supplicio
441 378 673 453 adficerentur,
695 377 766 440 sive
790 397 850 459 spe
873 377 991 441 salutis
1015 378 1153 454 inducti,

87 480 177 561 quod
210 479 247 540 in
279 488 375 541 tanta
403 476 621 539 multitudine
648 474 882 538 dediticiorum
914 495 1008 539 suam
1040 474 1154 558 fugam

86 587 145 639 aut
171 574 338 639 occultari
366 583 423 635 aut
450 572 587 636 omnino
613 571 760 655 ignorari
786 591 886 654 posse
913 573 1153 649 existimarent,

86 674 197 756 prima
213 682 316 735 nocte
333 691 351 733 e
369 670 489 733 castris
514 670 750 731 Helvetiorum
775 668 911 751 egressi,
929 671 970 732 ad
996 671 1153 735 Rhenum

87 772 245 851 finesque
263 768 506 831 Germanorum
524 768 779 830 contenderunt.
1185 792 1197 844 5

66 937 73 948 ,Ι
134 869 185 929 28.
214 866 315 947 Quod
353 864 410 927 ubi
450 864 573 927 Caesar
618 864 742 938 resciit,
781 884 920 948 quorum
940 904 944 909 ‚
966 884 1024 948 per
1071 866 1155 929 lines

81 960 209 1040 ierant,
228 963 292 1038 his,
318 962 368 1025 uti
392 962 627 1046 conquirerent
651 971 686 1025 et
710 961 918 1037 reducerent,
943 964 972 1026 si
996 962 1060 1026 sibi
1083 984 1156 1045 pur-

86 1061 161 1145 gati
202 1081 279 1126 esse
317 1060 453 1134 vellent,
493 1058 689 1142 imperavit:
727 1059 884 1123 reductos
929 1059 963 1123 in
1008 1060 1155 1123 hostium

88 1178 237 1222 numero
259 1158 400 1234 habuit,
422 1157 567 1239 reliquos
591 1176 719 1231 omnes,
745 1156 925 1231 obsidibus,
951 1158 1061 1233 armis,
1086 1178 1155 1239 per-

86 1255 182 1340 fugis
214 1255 359 1329 traditis,
384 1254 419 1315 in
442 1254 647 1317 deditionem
671 1254 810 1335 accepit.
856 1251 1067 1331 ²Helvetios,
1092 1257 1156 1318 Tu-
1171 1278 1200 1313 10

87 1356 213 1437 lingoS,
229 1346 504 1437 'Latobrigospn
530 1350 616 1413 fines
642 1370 731 1426 suos
760 1352 849 1415 unde
881 1361 976 1415 erant
1002 1350 1154 1433 profecti,

88 1452 218 1516 reverti
234 1449 356 1533 jussit,
379 1458 413 1512 et
429 1448 527 1532 quod,
546 1447 702 1511 omnibus
718 1445 883 1513 fructibus
906 1449 1048 1525 arnissis,
1065 1450 1156 1513 domi

89 1549 175 1613 nihil
208 1557 281 1611 erat
313 1567 379 1629 quo
408 1543 531 1609 famem
556 1546 748 1619 tolerarent,
781 1544 1024 1629 Allobrogibus
1058 1548 1157 1630 impe-

90 1648 189 1724 ravit,
215 1656 252 1708 ut
283 1644 325 1708 iis
356 1640 517 1707 frumenti
548 1643 691 1725 copiam·
708 1639 881 1720 facerent;
911 1643 1003 1725 ipsos
1034 1646 1157 1729 oppida
1252 1680 1278 1720 „a

89 1746 262 1827 vicosque,
286 1762 372 1825 quos
403 1741 633 1816 incenderant,
665 1739 844 1803 restituere
873 1739 982 1821 jussit.
1029 1739 1091 1804 8Id
1117 1764 1157 1806 ea
1171 1765 1199 1819 15

89 1842 247 1906 maxime·
270 1840 401 1903 ratione
430 1836 521 1914 fecit,
554 1838 642 1921 quod
675 1838 782 1901 noluit
813 1858 889 1901 eum
920 1838 1039 1915 locum,
1068 1843 1156 1904 unde

92 1940 247 2003 Helvetii
286 1938 523 2013 discesserant,
555 1957 683 2011 vacare,
715 1956 758 2000 ne
795 1947 933 2019 propter
971 1906 1155 2001 bonitiatem

91 2058 250 2121 agrorum
277 2035 446 2110 Germani,
472 2034 527 2117 qui
552 2046 644 2097 trans
672 2035 829 2098 Rhenum
855 2034 1016 2111 incolunt,
1041 2056 1060 2099 e
1087 2037 1157 2100 suis

92 2136 220 2199 finibus
237 2135 272 2197 in
294 2134 528 2196 Helvetiorum
552 2133 637 2196 fines
661 2133 906 2208 transirent,·et
924 2135 1059 2199 finitimi
1083 2135 1157 2200 Gal-

93 2233 157 2296 liae
189 2224 384 2315 provinciae
423 2230 735 2315 Allobrogibusque
770 2242 893 2295 essent.
940 2230 1073 2309 4Βοίοε,
1105 2255 1202 2317 pe-2o

93 2331 248 2438 tentpbus
277 2328 439 2404 Haeduis,
464 2329 551 2411 quod
579 2330 715 2412 egregia
741 2330 866 2394 virtute
893 2343 988 2395 erant
1019 2333 1154 2414 cogniti,

94 2440 131 2492 ut
162 2428 197 2491 in
229 2427 355 2490 finibus
386 2426 456 2489 suis
487 2425 700 2503 collocarent,
732 2428 919 2506 concessit3
957 2430 1079 2512 quibus
1110 2430 1156 2494 illi

94 2548 193 2609 agros
218 2526 395 2600 dederunt,
413 2544 563 2607 quosque
586 2535 705 2607 postea
727 2525 760 2588 in
785 2546 898 2608 parem
920 2526 1003 2608 juris
1028 2527 1158 2590 liberta-

94 2625 206 2707 tisque
224 2622 457 2686 condicionem
473 2632 573 2704 atque
590 2621 653 2703 ipsi
671 2632 766 2685 erant
782 2634 988 2705 receperunt.

140 2741 189 2804 29.
218 2722 258 2783 In
299 2718 417 2783 castris
457 2719 692 2783 Helvetiorum
724 2719 860 2785 tabulae
893 2731 1045 2802 repertae
1076 2733 1156 2785 sunt
1171 2744 1200 2795 25

94 2820 217 2883 litteris
258 2817 396 2881 Graecis
434 2813 607 2881 confectae
646 2826 680 2881 et
718 2818 760 2879 ad
798 2816 976 2882 Caesarem
1021 2819 1155 2896 relatae,

95 2916 217 2999 quibus
242 2914 277 2977 in
309 2915 431 2978 tabulis
463 2913 661 2977 nominatim
693 2915 777 2977 ratio
809 2913 963 2979 conlecta
993 2927 1074 2993 erat,
1101 2918 1156 3000 qui

96 3034 258 3080 numerus
282 3014 380 3076 domo
404 3012 528 3076 exisset
552 3032 665 3076 eorum
691 3012 747 3093 qui
776 3032 868 3075 arma
896 3012 983 3078 ferre
1007 3025 1155 3095 possent,

96 3111 231 3174 etitem
256 3110 434 3191 separatim
458 3109 562 3191 pueri,
581 3128 680 3173 senes
704 3108 934 3193 mulieresque.
983 3108 1155 3193 ²Quarum

39 3239 49 3255 ·
97 3208 248 3270 omnium
273 3227 383 3269 rerum
409 3226 537 3270 summa
560 3216 631 3269 erat
648 3206 793 3286 capitum
819 3205 1050 3271 Helvetiorum
1068 3210 1158 3272 milia
1171 3232 1202 3280 30

97 3324 241 3379 cuanr,
267 3304 488 3385 Tulingorum
512 3304 604 3366 milia
631 3320 751 3378 xxxvl,
778 3303 1035 3387 Latobrigorum
1066 3324 1155 3381 xnn,
1202 3335 1205 3339 ·

99 3404 328 3465 Rauracorum
361 3418 459 3474 xxiii,
486 3400 641 3463 Boiorum
673 3418 795 3477 xxx113
828 3422 867 3464 ex
899 3402 951 3464 his
979 3404 1034 3484 qui
1065 3425 1157 3466 arma

98 3497 184 3563 lerrc
216 3506 366 3581 possent,
394 3497 435 3559 ad
467 3498 558 3560 milia
588 3516 668 3561 xcn.
716 3494 879 3560 3Summa
909 3500 1057 3561 omnium
1088 3498 1157 3562 fue-

99 3608 175 3660 runt
206 3598 248 3659 ad
280 3594 372 3657 milia
402 3612 588 3657 ccccxviii.
612 3634 613 3639 κ
637 3594 763 3655 Eorum
794 3596 851 3676 qui
889 3597 1024 3657 domum
1056 3597 1159 3658 redie-

99 3704 185 3767 runt,
218 3712 324 3756 censu
355 3691 477 3765 habito,
511 3702 546 3753 ut
580 3691 704 3754 Caesar
742 3691 971 3773 imperaverat,
1004 3703 1157 3773 repertus
1171 3714 1200 3770 35

100 3801 150 3855 est
168 3808 328 3853 numerus
346 3787 473 3851 milium
491 3808 510 3851 c
528 3798 562 3851 et
578 3808 608 3853 x.
