2667 4159
63 204 312 277 B·G·V11·17·]
376 205 573 292 Dffcultr'er
587 207 628 291 os
637 206 691 272 tlte
706 206 808 293 Siege.
1056 228 1117 296 149

63 407 127 470 tius
144 405 275 469 Galliae
291 406 416 479 urbem,
434 425 515 487 quae
532 405 693 485 praesidio
710 416 742 468 et
759 418 954 471 ornamento
975 408 1017 472 sit
1040 408 1116 472 civi·

62 508 130 582 tati,
147 506 218 569 suis
239 506 392 568 manibus
416 505 616 567 succendere
639 518 837 587 cogerentur
849 528 857 583 ;
880 505 976 571 facile
993 529 1029 572 se
1052 508 1114 572 loci

62 621 183 672 natura
204 604 400 671 defensuros
423 605 546 681 dicunt,
565 606 662 689 quod,
681 626 783 688 prope
806 628 845 671 ex
868 608 1021 673 omnibus
1045 630 1117 691 par.

64 711 151 772 ribus
179 706 319 769 flumine
349 718 383 769 et
413 706 532 788 palude
561 706 773 783 circumdata,
802 728 904 771 unum
936 710 1057 773 habeat
1083 722 1116 774 et

63 811 303 891 perangustum
323 808 462 869 aditum.
507 804 640 871 ⁶Datur
662 808 852 889 petentibus
873 810 978 884 venia,
995 810 1150 883 dissuas

62 912 164 973 dente
187 908 295 991 primo
317 907 602 989 Vercingetorige,
625 919 700 989 post
723 910 936 985 concedente,
956 921 988 972 et
1012 912 1116 992 preci-

64 1012 123 1072 bus
149 1010 298 1092 ipsorum
322 1018 355 1071 et
379 999 602 1073 misericordia
623 1008 721 1091 volgi.
769 1006 972 1073 Defensores
996 1011 1117 1093 oppido

23 1131 27 1135 ·
63 1110 174 1173 idonei
190 1109 392 1190 deliguntur.
461 1144 464 1149 -

110 1212 158 1273 16.
183 1208 437 1292 Vercingetorix
453 1208 635 1271 minoribus
656 1208 832 1272 Caesarem
850 1208 1023 1274 itineribus
1040 1212 1117 1275 sub-

64 1311 224 1394 sequitur,
254 1320 288 1373 et
318 1309 427 1371 locum
458 1308 574 1372 castris
605 1308 720 1389 deligit
754 1308 928 1391 paludibus
960 1310 1117 1395 silvisque
1139 1334 1168 1373 ro

63 1411 242 1485 munitum,
269 1410 311 1473 ab
338 1409 482 1471 Avarico
509 1410 606 1491 longe
635 1409 722 1473 milia
750 1430 903 1491 passuum
932 1430 999 1475 xvr.
1045 1410 1116 1475 21bi

63 1533 122 1593 per
137 1521 249 1574 certos
270 1508 493 1591 exploratores
516 1509 549 1572 in
567 1510 700 1591 singula
715 1510 780 1574 diei
804 1521 953 1593 tempora
969 1532 1052 1593 quae
1077 1512 1117 1574 ad

63 1611 247 1674 Avaricum
279 1622 457 1692 agerentur
486 1610 716 1691 cognoscebat,
745 1622 778 1673 et
808 1611 886 1693 quid
919 1611 989 1673 fieri
1020 1611 1117 1675 vellet

63 1711 258 1795 imperabat.
304 1707 453 1774 ³Omncs
477 1722 606 1773 nostras
634 1710 864 1791 pabulationes
891 1708 1118 1775 frumentatio·

64 1833 193 1896 nesque
208 1812 413 1885 observabat,
430 1811 670 1893 dispersosque,
688 1832 760 1873 cum
784 1810 914 1891 longius
931 1812 1118 1874 necessario
1140 1836 1168 1889 15

63 1914 294 1997 procederent,
318 1912 527 1975 adoriebatur
550 1932 737 1994 magnoque
764 1911 974 1975 incommodo
1001 1912 1119 1976 afficie-

63 2017 142 2091 bat;
168 2012 241 2087 etsi,
258 2025 416 2096 quantum
441 2012 568 2075 ratione
591 2011 754 2094 provideri
776 2023 914 2093 poterat,
931 2014 973 2076 ab
996 2013 1117 2076 nostris

64 2114 310 2188 occurrebatur,
328 2122 364 2176 ut
386 2111 520 2177 incertis
545 2112 749 2195 temporibus
765 2112 970 2196 diversisque
994 2113 1118 2177 itineri·

65 2218 127 2279 bus
145 2214 257 2277 iretur.

113 2332 161 2397 17.
188 2313 315 2377 Castris
332 2314 371 2376 ad
388 2334 460 2377 eam
477 2324 603 2396 partem
621 2313 734 2395 oppidi
753 2314 871 2397 positis
889 2315 1021 2389 Caesar,
1034 2335 1119 2397 quae
1139 2340 1169 2375 20

65 2417 291 2482 intermissaa
315 2415 450 2479 flumine
470 2426 503 2479 et
526 2437 546 2478 a
569 2414 687 2497 palude
711 2415 847 2490 aditum,
866 2426 899 2479 ut
924 2436 1023 2497 supra
1038 2414 1119 2477 dixi·

65 2542 150 2597 mus,
168 2530 344 2601 angustum
363 2518 515 2592 babebat,
531 2539 684 2600 aggerem
703 2538 867 2600 apparare,
881 2517 994 2581 vineas
1012 2538 1118 2599 agere,

66 2634 175 2685 turres
198 2622 281 2684 duas
304 2620 505 2684 constituere
528 2620 656 2701 coepit:
686 2640 761 2682 nam
786 2619 1032 2683 circumvallare
1056 2618 1118 2681 loci

66 2735 187 2785 natura
217 2721 419 2803 prohibebat.
472 2718 548 2783 2De
579 2740 615 2783 re
644 2718 859 2783 frumentaria
890 2720 987 2783 Boios
1019 2733 1119 2803 atque

69 2824 229 2885 Haeduos
255 2820 423 2884 adhortari
455 2842 520 2883 non
551 2821 700 2885 destitit:
731 2842 869 2903 quorum
901 2821 1003 2895 alteri,
1032 2822 1117 2904 quod
1140 2843 1169 2896 25

66 2923 158 2985 nullo
186 2921 295 2984 studio
325 2922 476 3002 agebant,
504 2942 571 2985 non
603 2922 740 2983 multum
773 2921 995 3002 adjuvabant;
1026 2922 1118 2984 alteri

67 3045 132 3086 non
151 3021 282 3102 magnis
306 3018 526 3097 facultatibus,
542 3021 629 3104 quod
653 3021 769 3084 civitas
791 3032 861 3085 erat
885 3022 1002 3103 exigua
1019 3033 1051 3084 et
1075 3020 1120 3083 in-

66 3125 172 3195 firma,
183 3121 431 3204 celeriterquod
445 3122 630 3184 habuerunt
643 3135 927 3203 consumpserunt.
960 3120 1119 3185 3Summa

67 3222 265 3287 difficultate
292 3222 338 3284 rei
368 3219 600 3284 frumentariae
628 3222 747 3285 affecto
777 3222 931 3295 exercitu,
960 3222 1119 3311 tenuitate

71 3325 237 3399 lloiorum,
250 3321 457 3404 indiligentia
474 3322 699 3397 Haeduorum,
713 3322 874 3385 incendiis
888 3322 1118 3397 aedificiorum,
1139 3345 1170 3395 30

67 3444 228 3507 -usque
253 3444 292 3486 eo
315 3434 351 3485 ut
374 3422 562 3505 complures
579 3423 650 3485 dics
674 3421 840 3486 frumento
863 3424 983 3486 milites
1008 3445 1120 3487 carue-

67 3525 145 3599 rint,
161 3535 207 3596 et,
223 3544 342 3605 pecore
357 3543 376 3585 e
395 3522 679 3605 longinquioribus
695 3523 777 3586 vicis
797 3524 922 3595 adacto,
940 3536 1118 3587 extremam

14 3651 15 3655 ¹
68 3623 192 3688 famem
210 3624 596 3697 sustentarent—nulla
615 3634 727 3686 tamen
743 3644 806 3686 vox
822 3634 871 3685 est
889 3625 930 3686 ab
954 3624 993 3686 iis
1011 3625 1123 3686 audita

69 3726 183 3810 populi
213 3725 357 3789 Romani
384 3725 556 3807 majestate
584 3737 617 3790 et
648 3726 870 3808 superioribus
899 3726 1043 3788 victoriis
1074 3726 1121 3785 in-

70 3828 181 3908 digna
227 3825 340 3909 ‘Quin
362 3826 460 3889 etiam
486 3828 705 3890 Caesareum
731 3827 763 3887 in
788 3845 886 3905 opere
907 3825 1053 3903 singulas
1077 3822 1121 3881 le·
1140 3832 1169 3882 35

70 3928 188 4011 giones
220 3925 407 4010 appellaret,
437 3937 480 4002 et,
511 3928 538 3991 si
569 3926 718 3991 acerbius
750 3924 893 4005 inopiam
923 3920 1056 3988 ferrent,
1084 3935 1120 3975 se
