2667 4159
55 171 84 226 B.
98 172 128 227 G.
143 171 177 228 V.
196 172 254 245 14]
356 175 561 259 Descriplion
576 176 617 260 ns
625 175 772 244 Britain.
1050 194 1090 263 95

54 391 162 437 merus.
199 370 376 436 ³Utuntur
391 383 447 435 aut
464 392 540 435 aere
557 371 627 455 [aut
644 394 781 436 nummo
797 374 906 458 aereo]
926 386 983 439 aut
999 376 1093 439 taleis

53 472 156 536 ferreis
172 475 212 536 ad
233 484 360 535 certum
381 473 510 554 pondus
527 473 723 537 examinatis
744 495 801 555 pro
819 496 962 539 nummo.
1012 476 1096 539 Nas-

54 575 129 637 citur
142 576 186 637 ibi
206 574 378 656 plumbum
396 574 505 636 album
523 573 556 635 in
573 575 824 638 mediterraneis
842 576 1042 658 regionibus
1061 576 1093 639 in

55 675 214 737 maritimis
237 673 372 748 ferrum,
388 675 447 737 sed
470 674 542 757 ejus
558 676 676 755 exigua
692 685 743 739 est
766 675 882 757 copia;
906 697 981 740 aere
996 688 1095 740 utun·

55 788 100 838 tur
119 776 302 857 importato
348 773 512 837 4Materia
534 774 697 858 cujusque
721 777 852 857 generis
877 787 913 839 ut
937 778 970 839 in
989 777 1128 850 Gallias

54 886 96 938 est
112 887 240 957 praeter
254 874 369 957 fagum
387 885 486 957 atque
502 875 653 939 abietem.
703 876 865 957 Leporem
884 887 917 941 et
939 877 1093 959 gallinam

54 987 82 1039 et
101 996 248 1041 anserem
273 986 409 1057 gustare
432 974 482 1038 ias
506 995 572 1039 non
598 986 737 1058 putant;
762 977 843 1041 haec
867 988 977 1041 tamen
1003 979 1095 1041 alunt

54 1077 141 1139 animi
173 1076 421 1158 voluptatisque
454 1096 561 1139 causa.
626 1077 716 1139 Loca
749 1088 826 1141 sunt
861 1078 1095 1161 temperatiora
1193 1102 1197 1109 ·

54 1198 138 1259 quam
155 1177 188 1239 in
206 1176 322 1252 Gallia,
339 1177 583 1240 remissioribus
599 1175 787 1258 frigoribus

93 1295 135 1357 ¹3·
161 1278 276 1340 lnsula
306 1288 423 1340 natura
456 1278 624 1361 triquetra,
656 1276 753 1359 cujus
788 1300 890 1343 unum
925 1279 1011 1342 latus
1043 1289 1145 1343 estro

53 1390 154 1442 contra
169 1378 321 1442 Galliam.
371 1377 483 1460 Hujus
507 1378 618 1441 lateris
636 1378 719 1441 alter
734 1380 884 1461 angulus,
902 1380 958 1463 qui
981 1390 1033 1443 est
1053 1379 1094 1443 ad

54 1478 203 1555 Cantium,
220 1500 286 1561 quo
302 1475 372 1542 iere
388 1499 503 1541 omnes
519 1500 560 1541 ex
576 1478 683 1541 Gallia
700 1500 800 1543 naves
817 1480 1036 1562 appelluntur,
1053 1481 1094 1543 ad

53 1580 198 1643 orientem
212 1580 315 1642 solem
331 1601 337 1655 ;
361 1576 497 1643 inferior
508 1580 548 1641 ad
561 1579 732 1643 meridiem
746 1592 882 1662 spectat.
932 1582 1007 1643 Hoc
1024 1601 1095 1661 per-

54 1680 125 1743 tinet
141 1680 271 1743 circiter
287 1679 376 1741 milia
392 1700 550 1761 passuum
566 1679 757 1763 quingenta.
797 1678 975 1744 ²Alterum
988 1680 1095 1762 vergit

54 1770 87 1842 ad
113 1780 308 1863 Hispaniam
337 1791 437 1863 atque
460 1782 666 1844 occidentem
694 1781 818 1858 solem;
846 1802 910 1864 qua
934 1802 974 1845 ex
1002 1790 1094 1862 parte
1115 1798 1144 1852 15

54 1892 97 1942 est
122 1881 289 1955 Hibernia,
307 1881 443 1945 dimidio
467 1882 574 1944 minor
599 1882 647 1963 (ut
672 1882 877 1965 aestimatur)
903 1902 1001 1965 quam
1027 1882 1096 1944 Bri-

54 1982 163 2057 tannia,
179 1984 238 2045 sed
261 1983 332 2064 pari
357 1983 463 2063 spatio
487 1983 703 2045 transmissus
728 1994 826 2066 atque
849 2004 888 2045 ex
913 1982 1020 2045 Gallia
1043 1993 1095 2046 est

55 2081 83 2143 in
112 2083 320 2147 Britanniam.
365 2080 427 2144 ⁸In
460 2083 523 2145 hoe
551 2084 660 2147 medio
684 2104 781 2146 eursu
806 2095 857 2146 est
881 2084 988 2145 insula
1011 2103 1094 2165 quae

55 2184 224 2262 appellatur
258 2185 383 2259 Mona;
417 2181 602 2264 complures
637 2194 807 2265 praeterea
841 2184 985 2247 minores
1018 2184 1095 2245 sub-

56 2282 150 2363 jectae
171 2284 299 2347 insulae
321 2284 573 2360 existimantur;
601 2285 642 2347 de
665 2285 784 2367 quibus
808 2283 922 2346 insulis
948 2284 1095 2346 nonnulli
1114 2310 1145 2347 20

57 2384 256 2466 scripserunt,
272 2383 345 2448 dies
361 2386 538 2449 continuos
556 2404 627 2462 xxx
647 2386 710 2449 sub
726 2386 843 2448 bruma
859 2406 933 2447 esse
950 2397 1092 2448 noctem.

56 2482 137 2550 4Nos
153 2489 233 2551 nibil
249 2491 291 2552 de
307 2510 347 2553 eo
363 2490 666 2573 percontationibus
684 2489 936 2571 reperiebamus,
952 2488 1015 2550 nisi
1028 2508 1097 2551 cer·

57 2587 93 2651 tis
108 2613 145 2654 ex
164 2614 249 2677 aqua
272 2592 436 2657 mensuris
460 2594 626 2656 breviores
646 2613 833 2675 essequam
857 2590 892 2653 in
911 2588 1095 2653 continenti

57 2703 159 2757 noctes
177 2696 381 2761 videbamus.
429 2695 541 2778 Hujus
561 2706 612 2759 est
635 2693 807 2776 longitudo
830 2691 953 2767 lateris,
970 2702 1006 2753 ut
1029 2688 1094 2754 fert

57 2787 171 2857 illorum
194 2797 315 2879 opinio,
339 2816 405 2860 Dec
427 2798 565 2859 milium.
611 2792 785 2858 ⁵Tertium
811 2806 860 2857 est
884 2804 1000 2855 contra
1026 2814 1096 2873 sep
1114 2819 1144 2871 ²5

58 2895 234 2969 tentriones,
259 2898 312 2961 cui
340 2899 426 2980 parti¹
452 2898 542 2960 nulla
564 2908 616 2961 est
639 2896 770 2978 objecta
794 2907 901 2968 terra;
933 2894 991 2955 sed
1023 2891 1095 2974 ejus

57 2998 185 3075 angulus
211 3000 325 3062 lateris
353 2999 494 3062 maxime
520 3000 560 3061 ad
593 2996 804 3061 Germaniam
833 3004 971 3076 spectat.
1020 2992 1095 3055 Hoc

58 3092 137 3159 milia
160 3120 316 3181 passuum
345 3118 432 3163 occe
457 3098 491 3161 in
518 3098 759 3180 longitudinem
783 3117 855 3159 esse
878 3093 1094 3157 existimatur.

60 3188 105 3255 lta
125 3201 228 3263 omnis
252 3199 362 3263 insula
384 3211 437 3263 est
464 3198 662 3262 incircuitu
685 3197 788 3261 vicies
812 3206 945 3259 centum
970 3191 1095 3254 milium

59 3309 267 3401 passuum(
382 3315 385 3323 ⁴
1115 3320 1146 3371 30

100 3413 141 3475 14
165 3400 230 3465 Ex'
252 3395 304 3465 liis
338 3400 491 3464 omnibus
528 3400 628 3481 longe
661 3408 739 3462 sunt
777 3392 1006 3460 humanissimi
1040 3392 1096 3475 qui

63 3490 202 3565 Cantium
236 3502 386 3565 incolunt
425 3503 520 3585 (quae
553 3502 644 3581 regio
678 3510 730 3563 est
767 3498 932 3560 maritima
965 3494 1096 3574 omnis),

62 3615 155 3680 neque
180 3604 321 3665 multum
345 3622 365 3665 a
388 3602 514 3665 Gallica
540 3599 699 3665 differunt
725 3598 973 3663 consuetudine.
1019 3592 1097 3656 ²ln-

63 3699 183 3766 teriores
198 3704 345 3787 plerique
361 3702 528 3766 frumenta
544 3724 609 3765 non
627 3711 749 3774 serunt,
768 3702 824 3763 sed
849 3699 934 3761 lacte
951 3708 983 3759 et
1000 3714 1098 3758 carne

63 3797 171 3877 vivunt,
186 3805 393 3886 pellibusque
416 3813 495 3867 sunt
515 3804 638 3866 vestiti.
684 3800 835 3864 3Omnes
863 3818 940 3859 vero
964 3814 998 3856 se
1029 3792 1097 3854 Bri·
1115 3819 1145 3870 33

64 3901 143 3963 tanni
170 3904 253 3969 vitro
284 3904 447 3981 inficiunt,
475 3904 562 3987 quod
593 3901 780 3967 caeruleum
813 3896 913 3961 efficit
944 3894 1097 3964 colorem,
