2667 4159
143 121 181 190 52
401 106 484 166 End
502 106 541 185 of
558 105 610 165 the
635 104 764 166 Second
786 103 973 187 Compazgn.
1124 121 1245 191 [casm

185 318 343 362 numerus
381 297 421 359 ad
460 317 536 359 eum
575 295 700 359 relatus
742 305 794 358 est
833 296 961 361 milium
999 299 1244 382 quinquaginta

186 396 296 459 trium.
1311 456 1312 459 ,

230 510 277 572 34.
312 493 437 556 Eodem
464 501 614 574 tempore
638 511 657 554 a
682 492 714 556 P.
739 490 870 568 Crasso
888 513 986 576 quem
1011 514 1086 557 eum
1111 494 1243 577 legione
1311 484 1313 567 ἶ

185 611 251 652 una
282 591 416 652 miserat
445 591 486 652 ad
511 590 671 663 Venetos
699 590 850 665 Unellos,
877 590 1040 667 Osismos
1067 591 1244 656 Curiosoli-

160 699 246 764 5tas,
267 687 420 761 Esuvios
446 687 622 760 Aulercos
649 687 816 761 Redones,
840 706 923 766 quae
952 697 1029 748 sunt
1058 689 1242 752 maritimae

186 785 338 848 civitates
356 784 595 866 Oceanumque
619 785 801 866 attingunt,
822 784 944 846 certior
965 781 1076 849 factus
1100 796 1154 848 est
1178 808 1241 848 om·

186 903 246 944 nes
281 901 337 944 eas
369 882 521 944 civitates
553 881 586 942 in
622 881 788 944 dicionem
822 891 1093 966 potestatemque
1129 885 1241 966 populi

187 979 331 1043 Romani
348 997 422 1041 esse
439 979 598 1041 redactas.

230 1091 278 1157 35.
315 1076 379 1138 His
415 1076 513 1138 rebus
551 1075 666 1158 gestia,
706 1077 798 1139 omni
836 1075 944 1140 Gallia
981 1088 1108 1160 pacata,
1148 1089 1242 1142 tanta

146 1174 288 1256 rohujus
312 1173 389 1236 belli
413 1174 454 1237 ad
484 1174 641 1239 barbaros
665 1176 778 1258 opinio
809 1177 936 1258 perlata
962 1187 1023 1252 est,
1048 1177 1097 1240 uti
1130 1179 1173 1241 ab
1204 1178 1241 1241 iis

187 1275 388 1349 nationibus,
411 1295 494 1357 quae
514 1284 607 1338 trans
631 1274 788 1337 Rhenum
810 1274 1004 1349 incolerent,
1027 1275 1242 1338 mitterentur

187 1373 289 1458 legati
320 1377 361 1437 ad
394 1373 580 1449 Caesarem,
605 1373 661 1457 qui
686 1393 722 1436 se
745 1373 879 1436 obsides
910 1374 1054 1451 daturas,
1080 1374 1242 1456 imperata

186 1469 333 1537 facturas
356 1470 600 1554 pollicerentur.
648 1468 766 1553 ²Quas
789 1471 975 1553 legationes
1000 1471 1133 1548 Caesar,
1156 1473 1241 1556 quod

187 1570 220 1633 in
247 1570 376 1634 Italiam
403 1569 638 1654 Illyricumque
662 1569 879 1658 properabat„
898 1568 981 1631 inita
1004 1569 1155 1650 proxima
1177 1591 1243 1632 aes-

146 1690 174 1743 15
187 1679 257 1733 tate
284 1670 325 1731 ad
356 1687 393 1732 se
424 1667 546 1730 reverti
577 1667 685 1748 jussit.
732 1663 834 1748 3lpse
859 1666 893 1729 ih
923 1665 1095 1742 Carnutes
1124 1669 1262 1731 Andes-

186 1768 415 1848 Turonesque,
441 1785 525 1848 quae
549 1763 702 1828 civitates
725 1765 931 1846 propinquae
955 1765 1007 1828 his
1030 1765 1112 1828 locis
1137 1775 1239 1840 erant,

188 1865 243 1928 ubi
275 1863 398 1926 bellum
430 1871 590 1945 gesserat,
614 1861 803 1944 legionibus
831 1862 863 1923 in
888 1861 1103 1924 hibernacula
1124 1852 1241 1926 deduc·

187 1961 240 2036 tis,
259 1961 290 2022 in
311 1959 441 2022 ltaliam
458 1957 628 2041 profectus
646 1969 707 2022 est.
754 1955 833 2021 4Ob
854 1979 977 2041 easque
993 1979 1046 2020 res
1063 1980 1103 2021 ex
1120 1959 1238 2022 litteris

188 2056 341 2121 Caesaris
366 2057 436 2119 dies
461 2056 648 2139 quindecim
674 2055 873 2136 supplicatio
905 2055 1040 2118 decreta
1062 2066 1125 2131 est,
1154 2057 1238 2139 quod

144 2177 175 2212 20
186 2165 265 2218 ante
282 2155 315 2217 id
332 2163 465 2236 tempus
482 2153 602 2216 accidit
619 2152 710 2216 nulli.
