2667 4159
1076 106 1097 144 t)

56 179 84 231 B·
98 178 131 229 G·
146 178 182 229 V·
199 178 241 245 7·]
296 179 410 261 Fliglzt
425 181 497 241 ared
507 179 614 241 Dcatlz
630 181 671 259 of
680 178 878 242 Dumnorix.
1055 200 1092 263 91

55 372 230 453 legionibus
243 370 404 452 pervenit.
431 366 506 430 2Ibi
519 369 690 449 cognoscit
704 368 877 450 sexaginta
891 390 1000 446 naves,
1014 392 1098 454 quae

55 474 85 534 in
100 472 217 535 Meldis
232 468 342 534 factae
355 480 458 545 erant,
472 481 671 551 tempestate
686 470 824 553 rejectas
837 490 969 533 cursum
984 482 1097 535 tenere

56 594 115 635 non
136 572 292 655 potuisse,
313 582 411 653 atque
432 572 548 634 eodem
573 571 660 633 unde
685 582 778 633 erant
802 567 967 652 profectae
992 592 1098 634 rever·

56 674 147 750 tisse;
178 673 321 755 reliquas
349 681 479 753 paratas
504 671 546 733 ad
574 671 794 751 navigandum
820 682 919 753 atque
943 670 1097 735 omnibus
1139 686 1153 752 ς’

56 775 144 836 rebus
166 774 347 836 instructas
371 772 506 834 invenit.
554 768 705 833 ³Eodem
723 771 888 853 equitatus
905 772 1006 833 totius
1024 771 1096 835 Gal·
1117 792 1130 845 5
1178 819 1182 832 ,

56 874 110 936 liae
139 874 304 949 convenit,
335 892 472 935 numero
507 870 631 933 milium
671 882 831 953 quattuor,
866 871 1096 955 principesque

56 975 197 1037 omnibus
213 996 253 1037 ex
270 974 482 1048 civitatibus;
506 993 546 1034 ex
562 972 682 1053 quibus
698 991 889 1053 perpaucos,
906 992 1044 1052 quorum
1061 972 1096 1035 in
1169 977 1172 985 '

56 1094 86 1135 se
101 1075 193 1137 fidem
218 1084 438 1156 perspexerat,
455 1072 639 1154 relinquere
663 1071 696 1133 in
718 1070 833 1145 Gallia,
851 1070 994 1155 reliquos
1011 1072 1096 1135 obsi·

56 1174 124 1235 dum
140 1175 209 1238 loco
225 1197 337 1238 secum
354 1176 474 1237 ducere
491 1175 692 1247 decreverat,
710 1172 807 1255 quod,
824 1189 898 1235 cum
917 1172 987 1253 ipse
1004 1173 1095 1236 abes·

56 1284 107 1347 set,
122 1286 244 1338 motum
264 1274 388 1338 Galliae
403 1276 588 1338 verebatur.
686 1324 712 1357 ‚
1116 1302 1162 1351 ιο,

92 1376 121 1437 6.
142 1376 221 1439 Erat
239 1397 395 1439 unacum
417 1377 537 1439 ceteris
561 1375 750 1438 Dumnorix
775 1374 944 1450 Haeduus
965 1375 1005 1436 de
1030 1394 1094 1457 quo

54 1486 123 1537 ante
139 1477 179 1538 ab
197 1478 293 1539 nobis
309 1478 434 1539 dictum
458 1488 520 1541 est.
568 1477 670 1559 Hunc
690 1495 802 1539 secum
827 1476 949 1537 habere
972 1475 1006 1535 in
1029 1474 1094 1557 pri-

55 1575 110 1637 mis
134 1577 359 1650 constituerat,
383 1578 472 1660 quod
500 1598 575 1640 eum
603 1578 759 1659 cupidum
788 1598 895 1639 rerum
923 1595 1092 1649 novarum,

54 1675 197 1755 cupidum
231 1677 371 1758 imperii,
402 1677 513 1759 magni
544 1679 654 1753 animi,
686 1700 826 1759 magnae
860 1679 946 1740 inter
982 1674 1093 1738 Gallos

55 1777 257 1851 auctoritatis
289 1788 499 1858 cognoverat.
567 1774 784 1842 ²Accedebat
824 1779 899 1855 buc,
931 1778 1018 1860 quod
1059 1776 1143 1865 in15

55 1876 181 1938 concilio
206 1878 421 1940 Haeduorum
447 1880 632 1942 Dumnorix
659 1881 793 1956 dixerat,
817 1882 877 1944 sibi
904 1902 923 1945 a
952 1882 1090 1949 Caesare

55 1993 179 2054 regnum
204 1978 268 2040 civi
270 1978 350 2041 tatis
374 1977 511 2043 deferri:
542 1982 628 2062 quod
645 1982 770 2045 dictum
793 1982 922 2046 Haedui
948 1987 1092 2066 graviter

54 2058 199 2152 ferebant,
216 2100 324 2161 neque
341 2082 514 2142 recusandi
539 2091 595 2142 aut
619 2080 817 2163 deprecandi
841 2106 940 2150 causa
962 2089 1051 2169 legat
1053 2110 1091 2153 os

55 2174 89 2234 ad
106 2175 275 2241 Caesarem
291 2178 425 2242 mittere
444 2181 616 2247 audebant
655 2180 717 2244 ³ld
733 2180 856 2247 sactum
874 2189 999 2252 exsuis
1017 2190 1092 2252 bos-

55 2285 97 2352 pu
77 2273 165 2338 tibus
182 2278 305 2341 Caesar
318 2292 525 2360 cognoverat
505 2282 634 2345 tIlle
645 2283 798 2348 omnibus
815 2288 920 2383 primo
938 2276 1091 2401 precibus
1111 2322 1142 2357 20

56 2384 153 2453 petere
168 2380 350 2454 contendit,
364 2391 400 2443 ut
416 2381 450 2441 in
467 2380 573 2444 Gallia
589 2382 845 2467 relinqueretur:
870 2400 942 2469 part
946 2390 989 2452 im
1004 2391 1091 2473 quod

56 2472 191 2540 insuetus
207 2480 385 2559 navigandi
410 2501 499 2543 mare
518 2482 658 2558 timeret,
675 2488 793 2566 partim
814 2490 901 2570 quod
927 2490 1091 2569 religioni-

57 2572 108 2636 bus
124 2576 270 2659 impediri
288 2600 361 2641 sese
377 2580 511 2643 diceret
546 2578 649 2645 ‘Post
638 2595 789 2667 teaquam
804 2588 836 2650 id
850 2590 995 2653 obstinat
983 2600 1015 2653 te
1029 2590 1091 2653 sibi

57 2678 155 2755 negari
181 2679 272 2752 vidit,
297 2680 388 2742 omni
415 2702 472 2761 spe
506 2680 702 2764 impetrandi
736 2689 899 2769 adempta,
925 2690 1091 2771 principes

57 2771 167 2839 Galliae
190 2780 375 2853 sollicitare,
399 2801 553 2845 sevocare
577 2784 733 2865 singulos
758 2788 948 2871 hortarique
972 2791 1090 2871 coepit,
1110 2816 1140 2869 25

57 2874 97 2935 uti
117 2875 148 2938 in
170 2879 354 2942 continenti
378 2894 606 2961 remanerent;
631 2898 722 2949 metu
746 2888 906 2961 territare,
930 2912 995 2953 non
1020 2891 1092 2953 sine

57 2992 142 3038 causa
153 2973 231 3053 fieri,
247 2992 281 3042 ut
297 2980 403 3043 Gallia
419 2984 509 3044 omni
522 2985 697 3049 nobilitate
710 2989 903 3067 spoliaretur
917 3011 923 3065 ;
948 2987 1003 3052 ⁵id
1017 3011 1092 3053 esse

57 3079 212 3142 consilium
238 3080 397 3158 Caesaris,
417 3095 465 3161 ut,
485 3107 567 3167 quos
590 3087 624 3148 in
644 3102 825 3170 conspectu
848 3091 973 3155 Galliae
994 3092 1091 3155 inter-

57 3174 142 3241 ficere
169 3192 346 3257 vereretur,
377 3184 438 3247 hos
470 3208 585 3249 omnes
617 3188 651 3249 in
684 3190 888 3255 Britanniam
921 3194 1090 3257 traductos

59 3293 193 3357 necaret,
224 3283 323 3346 fidem
352 3285 485 3368 reliquis
513 3287 731 3369 interponere,
759 3290 988 3373 jusjurandum
1018 3315 1091 3375 pos·
1108 3318 1139 3368 30

59 3393 129 3453 cere,
151 3393 193 3457 ut,
218 3385 305 3465 quod
332 3407 404 3447 esse
428 3408 468 3448 ex
492 3408 552 3449 usu
578 3388 737 3452 Galliae
730 3404 777 3453 mt
766 3392 976 3468 tellexissent,
956 3406 1088 3457 t-com

60 3480 136 3539 muni
158 3484 293 3547 consilio
317 3486 474 3549 administ
462 3497 598 3549 trarent.
648 3490 742 3552 Haec
764 3511 783 3553 a
806 3494 1028 3575 compluribus
1049 3494 1089 3555 ad

61 3572 216 3645 Caesarem
235 3583 426 3649 deferebant
415 3598 475 3651 tur.

96 3691 121 3755 7
138 3682 207 3763 Qua
230 3705 265 3747 re
287 3686 429 3766 cognita,
448 3688 577 3763 Caesar,
594 3692 711 3771 quodt
714 3704 771 3754 ant
774 3714 828 3755 um
852 3694 976 3757 civitati
952 3694 1097 3762 t·Hae

61 3772 288 3864 duaedignitat
266 3797 308 3852 trs
323 3786 496 3861 tribuebat,
509 3792 728 3853 coercendum
745 3804 911 3873 atquet
856 3795 911 3857 det
914 3796 1087 3856 errendum
1106 3815 1137 3865 35

62 3877 301 3980 quibuscumque
337 3888 434 3949 rebus
475 3899 588 3968 posset
625 3890 932 3973 Dumnorigemt
902 3893 1086 3964 statuebat;
