2667 4159
203 172 247 237 90
463 153 667 217 Submissz'on
684 155 724 235 of
731 154 987 217 Indutiomarus.
1129 161 1242 232 [Cossu
1309 137 1310 201 i

204 370 320 412 omnes
333 349 366 410 in
380 348 487 413 officio
499 346 639 423 futuros,
652 368 761 429 neque
775 348 817 411 ab
829 347 973 411 amicitia
986 347 1096 429 populi
1114 348 1244 411 Romani
1303 383 1307 392 ·

204 447 402 522 defecturos,
419 448 626 511 confirmavit
637 468 644 523 ;
669 468 820 531 quaeque
840 448 873 509 in
891 448 1044 511 Treveris
1065 461 1245 529 gererentur

205 549 358 611 ostendit.
396 545 468 610 ³At
481 547 726 609 Indutiomarus
741 548 922 631 equitatum
937 548 1187 631 peditatumque
1202 568 1246 611 co-

205 670 292 730 gere,
309 649 414 730 iisque
430 647 485 731 qui
509 668 567 729 per
585 657 727 710 aetatem
754 647 787 709 in
804 648 904 710 armis
924 668 997 711 esse
1015 668 1081 710 non
1105 654 1246 730 poterant

173 768 186 817 5
206 750 238 813 in
258 748 374 811 silvam
391 748 607 811 Arduennam
628 748 758 821 abditis,
776 769 861 829 quae
881 749 1008 830 ingenti
1029 749 1246 831 magnitudine

205 871 264 931 per
275 849 402 911 medios
416 848 497 910 fines
514 848 733 911 Treverorum
750 847 918 911 aflumine
938 849 1058 913 Rheno
1072 850 1112 911 ad
1122 848 1246 911 ¹initium

208 950 388 1011 Remorum
410 949 563 1030 pertinet,
581 947 701 1010 bellum
726 968 843 1031 parare
867 948 1023 1013 instituit.
1068 946 1168 1022 4Scd,
1184 969 1248 1029 pos·

206 1060 358 1131 teaquam
387 1048 535 1110 nonnulli
563 1048 729 1129 principes
756 1070 796 1113 ex
822 1070 862 1113 ea
888 1048 1031 1124 civitate,
1060 1059 1094 1112 et
1120 1046 1248 1111 familia·

207 1149 302 1211 ritate
326 1147 551 1229 Cingetorigis
574 1148 710 1211 adducti
737 1160 770 1212 et
795 1150 941 1212 adventu
967 1149 1071 1212 nostri
1095 1149 1247 1212 exercitus

159 1278 187 1311 ιο
206 1248 379 1329 perterriti,
407 1248 448 1309 ad
476 1248 652 1311 Caesarem
681 1261 852 1324 venerunt,
880 1261 912 1313 et
940 1251 981 1312 de
1009 1248 1078 1312 suis
1107 1248 1247 1330 privatim

206 1348 304 1410 rebus
320 1349 361 1409 ab
378 1368 416 1409 eo
432 1357 545 1428 petere
561 1360 752 1429 coeperunt,
770 1350 926 1431 quoniam
944 1348 1070 1412 clvitati
1087 1348 1248 1411 consulere

207 1469 273 1509 non
297 1458 451 1528 possent;
474 1443 619 1510 ⁵veritus
636 1469 678 1511 ne
694 1450 735 1511 ab
752 1450 906 1513 omnibus
923 1452 1140 1523 desereretur,
1159 1448 1249 1510 Indu·

207 1548 364 1610 tiomarus
390 1548 517 1627 legatos
541 1548 582 1609 ad
607 1548 785 1612 Caesarem
808 1550 928 1613 mittit:
953 1550 1054 1613 ‘Sese
1078 1548 1198 1611 ichrco
1213 1547 1249 1609 ab
1311 1562 1312 1583 t

207 1648 275 1709 suis
292 1648 461 1709 discedere
477 1658 576 1729 atque
593 1649 633 1710 ad
654 1669 730 1711 eum
749 1650 860 1712 venire
878 1650 1031 1723 noluisse,
1048 1669 1113 1731 quo
1133 1646 1248 1711 facilius
1309 1666 1312 1706 Α

159 1761 188 1813 15
207 1747 375 1809 civitatem
399 1747 432 1807 in
455 1746 563 1809 officio
586 1749 782 1823 contineret,
801 1771 843 1813 ne
862 1750 970 1811 omnis
994 1748 1175 1811 nobilitatis
1194 1747 1249 1809 dis·
1313 1772 1314 1777 ¹

207 1868 302 1909 cessu
318 1848 411 1928 plebs
428 1858 562 1929 propter
579 1848 834 1928 imprudentiam
852 1850 1036 1925 laberetur,
1060 1849 1170 1930 itaque
1185 1866 1249 1909 csse

207 1948 373 2010 civitatem
393 1947 427 2009 in
450 1968 509 2010 sua
526 1959 700 2029 potestate,
719 1969 830 2032 seque,
848 1950 875 2011 si
899 1949 1022 2012 Caesar
1044 1950 1249 2030 permitteret,

207 2049 247 2110 ad
274 2068 349 2110 eum
373 2048 407 2110 in
432 2058 540 2111 castra
565 2059 751 2136 venturum,
775 2070 851 2128 suas
877 2049 1088 2131 civitatisque
1113 2046 1249 2111 fortunas

207 2149 279 2231 ejus
298 2149 373 2211 fidei
391 2148 657 2253 permissurum}

158 2270 190 2305 20
250 2268 278 2328 4
305 2249 438 2324 Caesar,
451 2249 514 2311 etsi
532 2248 746 2331 intellegebat
762 2250 879 2332 quade
896 2269 996 2312 causa
1012 2269 1050 2311 ea
1062 2248 1249 2319 dicerentur,

207 2370 358 2432 quaeque
374 2370 448 2412 eum
468 2360 520 2412 res
543 2350 584 2412 ab
604 2350 758 2412 instituto
779 2350 916 2412 consilio
934 2350 1124 2421 deterreret,
1141 2360 1249 2417 tamen,

208 2472 249 2512 nc
270 2461 430 2513 aestatem
455 2449 488 2511 in
510 2451 663 2535 Treueris
688 2471 881 2513 consumere
905 2462 1087 2530 cogeretur,
1107 2448 1249 2511 omnibus

208 2552 248 2613 ad
269 2551 496 2613 Britannicum
518 2552 639 2614 bellum
657 2551 756 2613 rebus
774 2550 980 2631 comparatis,
999 2550 1249 2611 Indutiomarum

208 2653 248 2713 ad
265 2672 300 2714 se
316 2673 390 2714 cum
407 2651 559 2714 ducentis
577 2651 748 2713 obsidibus
761 2650 873 2713 venire
887 2650 993 2731 jussit.
1032 2648 1123 2711 2His
1140 2650 1251 2712 adduc·

161 2768 190 2820 25
210 2752 259 2826 tia,
277 2752 309 2813 in
330 2752 368 2814 iis
386 2751 452 2814 filio
473 2752 730 2834 propinquisque
747 2752 817 2834 ejus
835 2750 996 2825 omnibus,
1014 2772 1096 2833 quos
1115 2749 1251 2812 nomina·

210 2852 268 2913 tim
297 2864 496 2926 evocaverat,
524 2852 715 2915 consolatus
746 2852 1016 2926 Indutiomarum,
1045 2851 1251 2929 hortatusque

210 2964 262 3016 est
282 2954 329 3015 uti
349 2954 382 3015 in
401 2952 509 3015 officio
532 2964 761 3034 permaneret;
786 2952 888 3013 nihilo
908 2963 1018 3013 tamen
1038 2951 1158 3025 secius,
1175 2948 1252 3032 prin-

210 3054 338 3135 cipibus
369 3054 585 3116 Treverorum
614 3055 655 3115 ad
688 3074 724 3115 se
751 3052 951 3127 convocatis,
980 3051 1040 3113 hos
1068 3047 1249 3131 singillatim

212 3153 415 3235 Cingetorigi
434 3154 641 3227 conciliavit;
663 3151 774 3235 3quod
793 3174 867 3215 cum
887 3152 1003 3214 merito
1020 3150 1091 3233 ejus
1108 3172 1126 3213 a
1143 3171 1178 3213 se
1189 3145 1252 3210 fieri

163 3272 193 3321 30
212 3254 432 3334 intellegebat,
450 3266 519 3315 tum
540 3253 650 3334 magni
677 3253 837 3316 interesse
857 3252 1077 3315 arbitrabatur
1098 3250 1170 3333 ejus
1187 3266 1251 3311 auc·

213 3353 377 3416 toritatem
404 3353 489 3416 inter
512 3373 589 3416 suos
612 3373 709 3434 quam
736 3354 912 3434 plurimum
937 3352 1055 3427 valere,
1075 3350 1169 3433 cujus
1194 3359 1250 3410 tam

212 3454 379 3535 egregiam
394 3454 426 3515 in
440 3474 476 3516 se
489 3454 690 3516 voluntatem
704 3454 935 3533 perspexisset.
975 3451 1037 3514 4Id
1051 3452 1125 3514 tulit
1136 3448 1250 3513 facturn

213 3554 356 3634 graviter
381 3554 634 3627 Indutiomarus,
652 3574 744 3616 suam
770 3554 908 3635 gratiam
933 3554 1020 3615 inter
1040 3573 1117 3614 suos
1138 3546 1251 3618 minui;

214 3665 255 3725 ct,
279 3653 332 3735 qui
362 3653 427 3733 jam
455 3664 532 3715 ante
560 3652 692 3715 inimico
721 3653 752 3713 in
782 3674 841 3715 nos
869 3652 979 3714 animo
1007 3651 1133 3727 fuisset,
1158 3648 1251 3713 multo

123 3752 127 3758 ’
166 3769 196 3818 35
214 3752 345 3831 gravius
369 3753 431 3815 hoc
456 3752 567 3814 dolore
590 3753 719 3814 exarsit.

260 3868 288 3933 5.
316 3852 380 3913 His
395 3852 492 3913 rebus
509 3852 708 3925 constitutis,
723 3850 847 3913 Caesar
863 3852 903 3913 ad
921 3863 1051 3931 portum
1072 3852 1171 3913 Itium
1186 3864 1251 3913 cum
