2667 4159
44 208 285 279 B.G.V11.36.]
335 211 401 273 ere
417 210 586 273 Situution
600 219 638 272 at
655 209 824 293 Gergovia.
1030 222 1091 289 159

43 406 122 487 quod
139 426 209 467 non
225 402 293 467 iere
307 414 382 467 ante
398 415 594 466 autumnum
613 402 734 465 Elaver
746 402 830 463 vado
847 400 978 464 transiri
996 399 1089 464 solet.

43 502 186 588 2ltaque,
203 526 246 568 ne
269 506 302 567 id
325 505 497 580 accideret,
521 503 663 566 silvestri
688 502 760 565 loco
784 502 901 565 castris
930 500 1092 583 positis,e

45 608 173 689 regione
197 606 295 669 unius
324 625 435 668 eorum
468 604 617 687 pontium
648 624 730 687 quos
762 603 1016 685 Vercingetorix
1046 628 1092 671 re·

45 708 238 771 scindendos
255 719 435 781 curaverat,
448 717 580 790 postero
596 705 650 768 die
666 726 740 767 cum
758 705 888 769 duabus
907 709 1092 791 legionibus

44 812 72 873 in
87 809 217 874 occulto
233 809 374 884 restitit;
399 810 539 894 reliquas
558 811 672 894 copias
693 832 767 875 curn
785 811 940 875 omnibus
957 812 1093 893 impedi·
1112 834 1126 887 5
1209 869 1214 879 .

44 914 169 988 mentis,
180 925 223 976 ut
246 925 471 987 consueverat,
488 913 586 988 misit,
604 911 740 995 †captis
760 914 954 997 quibusdam
979 914 1093 975 cohor-

43 1016 133 1089 tibus,
159 1015 206 1078 uti
230 1035 387 1077 numerus
412 1014 578 1095 legionum
605 1027 757 1078 constare
783 1016 958 1079 videretur.
1004 1011 1093 1077 3His

44 1137 134 1197 quam
165 1116 357 1196 longissime
389 1126 525 1196 possent
551 1116 705 1197 progredi
729 1115 837 1199 jussis,
861 1136 936 1179 cum
960 1115 1024 1199 jam
1055 1136 1094 1178 ex

43 1218 101 1279 diei
125 1228 277 1299 tempore
293 1215 515 1297 conjecturam
539 1229 673 1297 ceperat
696 1218 731 1278 'in
757 1228 865 1281 castra
888 1228 1093 1299 perventum,

44 1317 156 1381 iisdem
181 1317 324 1390 sublicis,
342 1337 480 1399 quarum
497 1338 571 1399 pars
592 1314 726 1380 inferior
746 1318 875 1399 integra
891 1318 1094 1391 remanebat,
1114 1346 1142 1382 ru

42 1434 173 1502 pontem
194 1422 329 1485 reficere
345 1422 463 1503 coepit.
503 1420 689 1485 ⁴Celeriter
705 1418 825 1486 effecto
843 1444 940 1504 opere
957 1421 1094 1503 legioni·
1139 1460 1144 1471 ·

42 1523 168 1606 busque
184 1522 346 1585 traductis
369 1534 402 1585 et
425 1522 497 1585 loco
521 1523 639 1586 castris
661 1524 781 1587 idoneo
798 1524 935 1597 delecto,
953 1523 1095 1606 reliquas

42 1625 152 1705 copias
176 1623 350 1687 revocavit.
402 1624 664 1704 Vercingetorix,
690 1624 890 1704 recognita,
915 1644 957 1686 ne
981 1633 1096 1685 contra

43 1745 133 1787 suam
154 1725 358 1787 voluntatem
382 1723 541 1787 dimicare
565 1736 749 1806 cogeretur,
768 1724 897 1806 magnis
922 1724 1096 1786 itineribus

43 1826 229 1888 antecessit.
883 1830 885 1835 ’
1117 1845 1145 1896 ¹5

86 1928 134 2006 36.
161 1926 284 1989 Caesar
299 1946 339 1988 ex
359 1946 398 1989 eo
421 1924 493 1989 loco
509 1926 636 2010 quintis
653 1926 771 1989 castris
800 1925 999 2007 Gergoviam
1024 1946 1096 2007 per-

42 2028 142 2101 venit,
170 2026 382 2110 equestrique
409 2047 448 2089 eo
475 2028 527 2090 die
555 2027 680 2109 proelio
709 2027 771 2090 levi
800 2026 895 2101 lacto,
925 2037 1096 2108 perspecto

44 2128 131 2189 urbis
148 2126 224 2201 situ,
241 2146 326 2209 quae
350 2127 456 2208 posita
479 2128 510 2190 in
529 2128 690 2191 altissimo
716 2140 829 2191 monte
855 2148 970 2190 omnes
991 2128 1099 2190 aditus

43 2226 192 2290 difficiles
209 2228 362 2303 habebat,
378 2229 419 2290 de
435 2230 681 2311 expugnatione
698 2228 885 2310 desperavit
901 2249 907 2303 ;
931 2229 972 2290 de
988 2229 1098 2291 obses-

14 2321 15 2392 l
43 2329 135 2391 sione
159 2349 225 2390 non
250 2328 340 2409 prius
364 2330 528 2409 agendum
547 2330 729 2403 constituit,
748 2350 845 2411 quam
868 2349 937 2391 rem
953 2325 1099 2391 frumen·
1116 2358 1146 2391 20

44 2429 157 2492 tariam
189 2429 389 2509 expedisset.
443 2426 515 2492 2Αϊ
550 2430 812 2511 Vercingetorix,
846 2430 962 2492 castris
996 2451 1099 2518 prope

44 2530 200 2611 oppidum
223 2529 350 2610 positis,
368 2530 587 2593 mediocribus
605 2532 728 2593 circum
747 2552 783 2593 se
808 2529 989 2593 intervallis
1006 2551 1099 2610 sepa-

45 2630 140 2692 ratim
164 2630 369 2711 singularum
395 2631 564 2694 civitatum
591 2632 702 2712 copias
727 2632 965 2703 collocaverat;
991 2641 1099 2713 atque,

44 2731 196 2793 omnibus
213 2730 285 2813 ejus
301 2730 373 2812 jugi
389 2731 527 2794 collibus
545 2733 715 2812 occupatis
734 2753 799 2814 qua
818 2731 943 2813 despici
961 2742 1099 2812 poterat,

45 2830 232 2893 horribilem
250 2831 393 2913 speciem
417 2834 613 2915 praebebat;
639 2832 872 2915 principesque
893 2852 1004 2894 earum
1023 2832 1099 2893 civi·
1118 2856 1147 2907 ²5

48 2932 172 3008 tatium,
185 2953 268 3015 quos
281 2933 344 2994 sibi
357 2934 397 2995 ad
411 2933 583 2996 consilium
595 2935 790 3016 capiendum
806 2934 982 3013 delegerat,
994 2934 1100 3013 prima

46 3032 118 3096 luce
141 3033 264 3097 cotidie
287 3033 327 3096 ad
352 3055 386 3096 se
411 3035 587 3098 convenire
610 3035 755 3117 jubebat,
774 3040 831 3097 s'eu
858 3033 935 3115 quid
958 3053 1099 3095 commu-

50 3133 223 3197 nicandum
257 3155 314 3197 seu
346 3134 424 3218 quid
455 3137 751 3199 administrandum
780 3135 966 3209 videretur3
994 3154 1100 3216 neque

52 3234 146 3298 ullum
162 3233 234 3299 fere
249 3236 337 3298 diem
348 3234 610 3313 intermittebat,
627 3239 706 3321 quin
732 3235 879 3321 equestri
905 3235 1036 3315 proelio
1054 3236 1101 3296 in·

52 3335 194 3420 terjectis
221 3337 411 3419 sagittariis,
428 3337 505 3421 quid
530 3338 563 3399 in
588 3360 717 3421 quoque
742 3349 830 3402 esset
854 3338 954 3400 animi
978 3356 1016 3399 ac
1040 3336 1101 3397 vir·
1119 3358 1149 3407 30

51 3438 127 3501 tutis
143 3457 279 3500 suorum
299 3432 525 3521 perspiceret)
555 3436 661 3503 3Erat
685 3462 703 3503 e
722 3441 858 3521 regione
874 3437 985 3520 oppidi
1009 3437 1101 3500 collis

51 3540 108 3601 sub
136 3538 217 3621 ipsis
245 3528 412 3601 radicibus
438 3540 571 3613 montis,
599 3542 731 3622 egregie
759 3541 907 3603 munitus
937 3550 1035 3621 atque
1063 3560 1102 3600 ex

51 3640 138 3702 omni
154 3650 248 3721 parte
261 3639 486 3712 circumcisus,
499 3661 594 3722 quem
610 3643 637 3703 si
655 3655 805 3704 tenerent
822 3644 935 3712 nostri,
950 3655 982 3703 et
999 3659 1103 3721 aquae

51 3759 169 3821 magna
181 3750 276 3821 parte
288 3751 321 3802 et
338 3740 550 3821 pabulatione
566 3741 668 3803 libera
680 3743 874 3822 prohibituri
892 3743 1005 3805 hostes
1018 3739 1103 3799 vide-

50 3840 188 3916 bantur3
217 3842 276 3904 sed
304 3841 333 3903 is
357 3839 450 3903 locus
474 3841 636 3921 praesidio
659 3841 701 3903 ab
728 3841 779 3903 his
803 3863 866 3904 non
893 3842 991 3903 nimis
1008 3842 1102 3901 firmo
1120 3850 1148 3903 35

49 3941 248 4017 tenebatur;
268 3936 403 4003 ⁴tamen
418 3940 548 4003 silentio
559 3942 666 4002 noctis
683 3941 803 4003 Caesar
815 3963 854 4004 ex
868 3941 983 4003 castris
997 3961 1103 4020 egres-
