2667 4159
240 191 296 252 182
568 181 712 242 Arrival
724 183 764 260 os
774 180 826 242 tlte
840 175 957 261 Relief.
1159 175 1280 245 [CAESAR

233 382 307 446 est?
355 381 488 450 Facere,
505 376 592 458 quod
610 375 714 436 nostri
731 375 870 456 majores
887 394 1091 457 nequaquam
1110 373 1181 455 pari
1201 375 1283 436 bello

234 482 442 546 Cimbrorum
462 477 718 556 Teutonumque
741 472 888 536 lecerunt
899 495 906 549 ;
931 474 995 556 qui,
1013 475 1046 537 in
1063 475 1186 555 oppida
1202 496 1285 536 com·

233 582 327 665 pulsi,
355 601 394 643 ac
425 577 521 640 simili
552 576 662 656 inopia
690 575 828 648 subacti,
854 595 966 636 eorum
998 577 1203 655 corporibus
1231 576 1284 656 qui

232 693 339 745 aetate
356 681 394 742 ad
418 678 537 740 bellurn
559 677 691 738 inutiles
709 675 914 748 videbantur,
930 674 1031 736 vitam
1053 675 1284 747 toleraverunt,

202 807 214 860 5
234 802 339 865 neque
356 801 391 843 se
408 778 557 841 hostibus
574 776 789 838 tradiderunt.
837 771 859 812 Π
871 773 973 855 Cujus
990 775 1036 836 rei
1052 774 1080 836 si
1096 775 1283 857 exemplum

233 905 298 946 non
322 883 663 951 haberemuS,tamer1
687 875 847 938 libertatis
872 895 971 938 causa
994 875 1131 947 institui,
1155 887 1189 939 et
1214 897 1285 956 pos-

233 983 311 1046 teris
343 982 444 1064 prodi‚
476 977 731 1060 pulcherrimum
762 976 951 1057 judicarem.
1011 975 1095 1037 Nam
1128 975 1210 1058 quid
1242 975 1283 1036 illi

178 1092 181 1098 '
232 1083 338 1146 simile
368 1081 449 1143 bello
477 1077 561 1141 luit?
608 1077 817 1158 Depopulata
845 1076 960 1150 Gallia,
990 1076 1126 1151 Cimbri,
1150 1097 1284 1158 magna-

232 1205 295 1268 que
322 1182 412 1244 illata
435 1181 629 1252 calamitate,
654 1178 774 1239 finibus
803 1177 934 1260 quidem
960 1177 1081 1239 nostris
1108 1177 1281 1260 aliquando

185 1311 213 1347 10
231 1292 453 1355 excesserunt,
481 1292 579 1361 atque
610 1278 690 1340 alias
721 1289 826 1340 terras
857 1278 1044 1358 petierunt;
1072 1279 1157 1360 jura,
1185 1279 1279 1358 leges,

232 1405 338 1466 agros
352 1383 535 1444 libertatem
553 1378 648 1441 nobis
662 1377 872 1459 reliquerunt.
919 1373 943 1414 ¹²
954 1378 1096 1440 Romani
1113 1377 1279 1460 veroquid

231 1494 350 1568 petunt
373 1483 470 1557 aliud,
487 1493 542 1544 aut
565 1481 642 1562 quid
667 1479 793 1553 volunt,
810 1477 871 1538 nisi
895 1477 1018 1539 invidia
1039 1478 1184 1552 adducti,
1202 1499 1278 1560 quos

231 1585 319 1649 lama
343 1583 468 1646 nobiles
493 1591 713 1662 potentesque
739 1578 824 1640 bello
847 1589 1083 1659 cognoverunt,
1107 1579 1225 1642 horum
1248 1580 1278 1639 in

232 1688 319 1768 agris
348 1683 603 1764 civitatibusque
631 1680 813 1755 considere,
836 1691 934 1762 atque
962 1679 1013 1741 bis
1039 1691 1208 1743 aeternam
1235 1681 1278 1741 in·
1315 1726 1316 1729 η

186 1788 370 1871 r5jungere
394 1782 608 1847 servitutem?
656 1781 774 1862 Neque
797 1781 885 1844 enirn
914 1780 978 1843 ulla
1001 1780 1065 1843 alia
1087 1782 1278 1844 condicione
1315 1774 1316 1837 ζ

233 1888 317 1951 bella
343 1895 524 1967 gesserunt.
571 1879 705 1963 ¹3erod
732 1882 760 1943 si
785 1902 823 1944 ea
847 1902 931 1963 quae
955 1881 986 1942 in
1016 1882 1208 1966 longinquis
1230 1904 1278 1945 na-
1315 1870 1316 1931 Ῑ

232 1988 377 2053 tionibus
397 1996 557 2066 geruntur
580 1981 747 2063 ignoratis
763 1982 918 2063 respicite
934 1982 1108 2046 finitimam
1134 1984 1275 2056 Galliam,

232 2107 325 2170 quae,
343 2087 375 2149 in
396 2084 597 2167 provinciam
614 2083 754 2156 redacta,
770 2081 842 2163 jure
858 2094 891 2146 et
911 2084 1039 2166 legibus
1059 2085 1275 2156 commutatis,

233 2187 402 2252 securibus
420 2185 577 2266 subjecta,
595 2196 754 2265 perpetua
770 2186 931 2265 premitur
947 2186 1122 2249 servitute!
1135 2189 1152 2211 ”

184 2312 215 2348 20
277 2293 326 2371 78.
352 2286 535 2353 Sententiis
557 2284 665 2361 dictis,
681 2286 892 2349 constituunt
915 2299 951 2350 ut
975 2287 997 2348 ii
1020 2288 1075 2369 qui
1094 2287 1276 2351 valetudine

232 2402 288 2455 aut
319 2401 426 2454 aetate
458 2388 589 2451 inutiles
620 2400 699 2452 sunt
726 2386 820 2463 bello
844 2389 965 2470 oppido
989 2390 1159 2459 excedant,
1184 2401 1275 2472 atque

233 2496 342 2558 omnia
358 2493 447 2576 prius
464 2491 682 2575 experiantur,
699 2511 797 2574 quam
814 2491 854 2551 ad
880 2489 1066 2571 Critognati
1083 2490 1273 2552 sententiam

232 2597 454 2659 descendant:
477 2595 532 2656 illo
556 2605 667 2656 tamen
692 2592 801 2674 potius
825 2594 983 2655 utendum
1009 2591 1156 2663 consili0,
1179 2592 1206 2653 si
1228 2612 1273 2652 res

233 2711 328 2781 cogat
355 2709 452 2781 atque
476 2697 595 2760 auxilia
618 2707 795 2770 morentur,
819 2715 915 2777 quam
940 2705 997 2756 ant
1023 2693 1203 2756 deditionis
1225 2703 1273 2754 aut

184 2825 213 2877 25
232 2800 323 2882 pacis
341 2799 543 2861 subeundam
565 2795 803 2859 condicionem.
850 2792 1056 2868 ²Mandubii
1074 2795 1130 2877 qui
1152 2815 1210 2856 eos
1225 2815 1273 2874 op-

232 2900 308 2981 pido
325 2910 524 2979 receperant,
541 2919 615 2961 cum
637 2896 748 2960 liberis
765 2907 865 2978 atque
882 2897 1036 2958 uxoribus
1053 2895 1142 2958 exire
1158 2917 1273 2976 coguu-
1314 2954 1315 2997 q

233 3013 295 3062 tur.
344 2999 399 3072 Hi,
416 3019 491 3060 cum
516 2999 556 3062 ad
582 2996 782 3060 munitiones
808 2998 1034 3058 Romanorum
1054 2997 1273 3066 accessissent,
1314 3008 1315 3073 l

233 3104 358 3174 flentes,
384 3102 536 3165 omnibus
563 3101 716 3182 precibus
739 3099 876 3161 orabant
904 3109 940 3160 ut
964 3118 1007 3167 se,
1033 3097 1064 3158 in
1090 3098 1272 3160 servitutem

233 3215 392 3284 receptos,
417 3203 491 3265 cibo
514 3202 674 3283 juvarent.
722 3199 770 3261 At
795 3198 925 3270 Caesar,
948 3195 1117 3278 dispositis
1140 3196 1175 3258 in
1197 3196 1274 3258 vallo

185 3327 215 3378 30
233 3304 400 3376 custodiis
418 3302 517 3383 recipi
535 3300 739 3381 prohibebat.

279 3419 327 3486 79.
355 3405 485 3465 Interea
506 3402 675 3465 Commius
692 3401 873 3482 reliquique
891 3400 999 3470 duces,
1016 3399 1136 3480 quibus
1156 3419 1274 3460 summa

235 3504 360 3585 imperii
387 3503 547 3584 permissa
568 3513 645 3575 erat,
663 3523 738 3564 cum
763 3501 916 3562 omnibus
941 3498 1044 3579 copiis
1068 3499 1109 3560 ad
1134 3498 1271 3561 Alesiam

235 3604 451 3687 perveniunt;
483 3615 524 3675 et,
553 3603 634 3665 colle
664 3601 826 3663 exteriore
857 3608 1026 3679 occupato,
1055 3618 1121 3659 non
1153 3598 1271 3680 longius

236 3704 323 3766 mille
340 3703 491 3784 passibus
509 3701 683 3764 abnostris
700 3699 939 3762 munitionibus
952 3698 1140 3761 considunt.
1184 3695 1272 3761 2Ροε-

187 3825 217 3876 35
236 3816 306 3867 tero
329 3805 391 3877 die,
411 3803 558 3884 equitatu
583 3823 622 3864 ex
646 3802 762 3864 castris
786 3802 913 3874 erluct0,
930 3819 1061 3862 omnem
1085 3820 1157 3862 eam
1182 3800 1271 3881 plani·
1313 3866 1314 3893 1

237 3905 325 3978 tiem‚
350 3925 446 3987 quarn
471 3902 504 3964 in
528 3902 767 3982 longitudinem
792 3901 854 3963 tria
877 3901 967 3962 milia
991 3921 1148 3980 passuum
1173 3915 1271 3983 patere
