2667 4159
54 196 192 250 ucvr.
208 196 267 269 32.]
410 198 475 261 Tae
488 198 591 261 Gauls
605 195 734 261 submit.
1031 212 1089 279 133

53 395 101 457 bat
115 404 233 475 erepto,
248 393 359 455 rhedis
375 392 534 475 equisque
549 390 807 473 comprehensis,
821 391 927 473 ipsum
945 386 1090 473 effugere

53 508 186 559 mortem.
233 492 325 559 ³Sed
350 494 411 557 hoc
435 513 566 577 quoque
590 491 712 555 factum
736 504 797 566 est,
820 493 917 575 quod,
941 492 1091 557 aedificio

53 598 242 661 circumdato
266 595 355 669 silva,
381 605 415 657 ut
442 607 519 656 sunt
546 592 613 656 iere
638 592 804 655 domicilia
832 592 1011 667 Gallorum,
1035 593 1092 676 qui

52 700 163 761 vitandi
190 710 305 761 aestus
329 716 428 759 causa
456 696 649 778 plerumque
674 695 828 757 silvarum
853 715 890 757 ac
917 694 1090 759 fluminum

52 811 157 879 petunt
187 798 461 881 propinquitates,
489 796 629 859 comites
660 792 905 877 familiaresque
935 795 1006 877 ejus
1034 817 1092 859 an·
1129 803 1143 857 5

52 911 138 978 gusto
164 902 196 963 in
225 900 298 962 loco
325 899 491 981 paulisper
514 896 663 979 equitum
692 906 879 957 nostrorum
905 894 968 957 vim
994 896 1091 959 susti-

52 1012 191 1064 nuerunt,
238 998 328 1062 4His
351 998 585 1080 pugnantibus,
602 997 693 1059 illum
714 996 747 1057 in
763 1016 883 1077 equum
902 996 1033 1077 quidam
1052 1017 1092 1059 ex

52 1100 111 1161 suis
133 1100 266 1175 intulit;
291 1098 471 1180 lugientem
490 1099 592 1163 silvae
615 1106 780 1160 texerunt.
831 1095 887 1158 Sic
903 1108 935 1159 et
956 1097 996 1158 ad
1016 1097 1093 1161 sub-

51 1202 181 1263 eundum
221 1200 404 1282 periculum
434 1209 468 1262 et
499 1200 540 1262 ad
575 1198 756 1272 vitandum,
789 1197 927 1260 multum
960 1194 1092 1262 lortuna

52 1299 148 1361 valuit.
543 1380 547 1386 ἱ
1112 1317 1140 1355 10

89 1417 133 1477 31.
158 1399 335 1463 Ambiorix
361 1400 473 1481 copias
501 1420 576 1463 suas
602 1397 771 1481 iudicione
795 1419 860 1461 non
888 1398 1091 1473 conduxerit,

50 1503 126 1581 quod
154 1502 278 1583 proelio
305 1501 529 1564 dimicandum
557 1522 622 1563 non
648 1500 851 1573 existimarit,
875 1520 917 1563 an
945 1511 1092 1580 tempore

50 1603 190 1667 exclusus
214 1615 248 1666 et
271 1604 444 1685 repentino
466 1604 612 1684 equitum
636 1604 780 1665 adventu
805 1603 999 1683 prohibitus,
1016 1622 1091 1665 cum

50 1704 200 1785 reliquum
239 1704 422 1766 exercitum
462 1704 619 1785 subsequi
659 1704 818 1776 crederet,
855 1705 992 1767 dubium
1032 1716 1092 1767 est.

49 1798 128 1866 ²Sed
159 1815 259 1877 certe,
287 1804 434 1866 dimissis
465 1825 524 1885 per
550 1824 646 1884 agros
678 1803 810 1877 nuntiis,
839 1805 901 1866 sibi
929 1826 1093 1887 quemque
1113 1828 1142 1883 15

50 1906 213 1967 consulere
235 1904 345 1986 jussit.
394 1903 543 1985 Quorum
568 1924 642 1986 pars
666 1904 699 1967 in
724 1904 942 1967 Arduennam
967 1905 1092 1976 silvam,

49 2024 116 2081 pars
138 2004 171 2068 in
188 2004 399 2105 cqntinentes
424 2004 559 2085 paludes
584 2001 748 2085 profugit;
773 2006 827 2087 qui
848 2005 988 2087 proximi
1009 2005 1093 2068 Oce-

49 2123 104 2165 ano
125 2102 270 2179 luerunt,
288 2104 338 2165 his
362 2104 478 2166 insulis
502 2124 577 2166 sese
600 2103 848 2169 occultaverunt
873 2126 954 2189 quas
981 2117 1093 2169 aestus

50 2203 169 2269 efficere
196 2215 422 2279 consuerunt,
453 2204 548 2267 multi
578 2226 619 2267 ex
649 2205 718 2266 suis
750 2206 870 2269 finibus
902 2207 1026 2288 egressi
1058 2226 1094 2269 se

50 2324 164 2387 suaque
196 2306 309 2367 omnia
341 2304 553 2367 alienissimis
584 2305 806 2369 erediderunt.
860 2305 1093 2380 3CatuvolcuS,
1113 2341 1143 2377 20

50 2425 99 2467 rex
113 2407 269 2467 dimidiae
294 2406 396 2485 partis
421 2406 622 2479 Eburonum,
640 2407 696 2488 qui
722 2427 787 2469 una
806 2428 879 2471 cum
897 2408 1094 2488 Ambiorige

50 2506 214 2568 consilium
247 2505 375 2578 inierat,
403 2516 511 2567 aetate
541 2505 607 2586 jam
635 2504 814 2581 conlectus
842 2528 916 2569 cum
948 2507 1092 2589 laborem

50 2618 98 2668 aut
120 2607 198 2670 belli
222 2617 279 2667 aut
302 2603 400 2686 fugae
423 2602 506 2669 serre
530 2626 596 2668 non
620 2619 741 2687 posset,
762 2608 915 2671 omnibus
940 2609 1092 2689 precibus
1111 2646 1123 2676 s

49 2706 225 2770 detestatus
244 2706 483 2786 Ambiorigem,
499 2706 555 2788 qui
579 2706 651 2786 ejus
676 2707 804 2771 consilii
828 2720 943 2771 auctor
964 2705 1092 2782 luisset,

50 2818 116 2868 laxo
139 2806 248 2888 (cujus
270 2826 389 2888 magna
411 2806 444 2868 in
469 2807 576 2869 Gallia
599 2807 841 2890 Germaniaque
865 2808 959 2889 copia
978 2810 1040 2890 est)
1058 2829 1093 2871 se
1113 2837 1143 2891 ²5

49 2905 251 2969 exanimavit.

90 3025 135 3085 32.
162 3007 267 3087 Segni
292 3005 531 3090 Condrusique,
555 3029 595 3071 ex
618 3018 718 3089 gente
741 3019 774 3071 et
799 3029 935 3071 numero
957 3008 1094 3087 ,Germa-

51 3128 169 3183 norum,
186 3108 243 3190 qui
264 3119 342 3169 sunt
362 3108 449 3171 inter
469 3109 643 3175 Eburones
660 3111 893 3190 Treverosque,
910 3109 1036 3189 legatos
1054 3110 1092 3171 ad

51 3207 221 3272 Caesarem
246 3209 415 3282 miserunt,
432 3221 569 3283 oratum,
589 3219 651 3272 ‘ne
675 3230 710 3271 se
732 3209 764 3271 in
788 3209 932 3271 hostium
958 3230 1093 3271 numero

50 3308 189 3383 duceret,
221 3329 302 3371 neve
333 3309 479 3372 omnium
512 3309 752 3372 Germanorum
783 3309 838 3391 qui
870 3320 981 3372 essent
1013 3311 1094 3371 citra
1113 3338 1144 3389 30

52 3408 212 3484 Rhenum,
229 3430 327 3471 unam
344 3430 418 3472 esse
434 3430 566 3471 causam
589 3408 772 3491 judicaret3
796 3408 876 3471 nihil
899 3430 936 3472 se
952 3410 993 3471 de
1010 3410 1094 3472 bello

51 3509 255 3590 cogitavisse,
273 3510 362 3572 nulla
380 3509 569 3590 Ambiorigi
596 3510 716 3572 auxilia
744 3508 892 3573 misisse.’
937 3506 1094 3584 ²Caesar,

51 3612 212 3691 explorata
228 3632 263 3673 re
285 3610 479 3692 quaestione
498 3610 711 3691 captivorum,
728 3610 756 3672 si
780 3610 835 3693 qui
858 3611 899 3674 ad
924 3632 980 3673 eos
1006 3611 1095 3674 Ebu·

52 3729 140 3773 rones
157 3732 198 3773 ex
222 3707 299 3791 fuga
315 3709 547 3773 convenissent
570 3711 610 3772 ad
630 3731 666 3772 se
684 3721 719 3772 ut
743 3712 979 3773 reducerentur
995 3710 1095 3790 impe-

52 3812 144 3873 ravit:
169 3811 197 3873 si
214 3811 262 3873 ita
277 3808 445 3883 fecissent,
459 3810 542 3871 fines
558 3830 670 3871 eorum
688 3830 724 3871 se
740 3811 933 3872 violaturum
954 3810 1092 3889 negavit.
1113 3836 1143 3887 35

52 3905 97 3970 ³T
100 3932 153 3972 um
170 3910 273 3991 copiis
292 3911 326 3971 in
346 3920 413 3972 tres
433 3918 544 3989 partes
564 3909 756 3981 distributis,
774 3909 1008 3988 impedimenta
1026 3926 1094 3967 om-
