2667 4159
81 177 107 227 B.
121 179 152 230 G.
165 176 199 231 V.
216 178 259 247 3.]
342 181 495 243 Troublcs
510 202 632 263 among
644 181 697 243 tlte
717 182 856 245 Treveri.
1077 184 1118 263 89

80 376 131 436 tari
146 375 244 457 jubet.
292 372 402 455 *Ipsa
414 374 631 435 conventibus
646 373 771 437 Galliae
789 366 949 437 citerioris
966 374 1116 455 peractis

81 476 108 536 in
124 475 285 558 Illyricum
307 474 537 556 proficiscitur,
553 475 640 555 quod
661 494 681 535 a
698 474 836 537 Pirustis
854 474 1028 537 finitimam
1047 494 1119 555 par-

82 586 138 637 tem
157 576 344 657 provinciae
363 575 607 637 incursionibus
622 574 743 635 vastari
763 574 926 639 audiebat.
975 575 1025 637 Eo
1041 596 1117 637 curn

81 676 221 751 venisset,
237 675 430 738 civitatibus
447 674 568 736 milites
588 674 728 755 imperat
747 686 938 757 certumque
954 675 989 737 in
1009 676 1116 738 locum

81 776 243 838 convenire
258 775 361 857 jubet.
407 771 506 856 5an
529 795 564 836 rc
586 774 747 847 nuntiata,
768 774 914 837 Pirustae
934 774 1059 855 legatos
1075 776 1115 837 ad
1137 802 1149 851 5

81 895 146 936 eum
176 876 320 949 mittunt,
349 875 405 956 qui
432 875 573 936 doceant
600 872 681 934 nihil
709 894 821 935 earum
850 894 958 936 rerum
986 876 1117 956 publico

80 971 192 1036 lactum
207 975 354 1048 consilio,
371 994 510 1055 seseque
529 984 659 1054 paratos
676 994 749 1035 esse
769 974 996 1036 demonstrant
1016 974 1119 1035 omui-

82 1073 136 1136 bus
149 1076 324 1137 rationibus
337 1076 379 1136 de
392 1074 521 1155 injuriis
534 1071 734 1135 satisfacere.
777 1070 959 1154 ⁶Percepta
970 1075 1118 1137 oratione

82 1194 192 1249 eorum,
211 1176 332 1239 Caesar
351 1175 485 1236 obsides
509 1174 648 1255 imperat
673 1194 796 1255 eosque
818 1174 858 1237 ad
883 1187 1005 1237 certam
1030 1175 1115 1237 diem

82 1275 188 1337 adduci
209 1276 322 1357 jubet:
344 1274 409 1335 nisi
432 1274 479 1336 ita
493 1272 641 1347 iecerint,
659 1294 733 1335 sese
756 1273 841 1335 bello
858 1274 1023 1336 civitatem
1045 1294 1117 1355 per·
1139 1298 1166 1331 10

82 1387 257 1437 secuturum
280 1376 496 1437 demonstrat.
542 1371 612 1437 ⁷lis
635 1375 676 1435 ad
701 1375 787 1435 diem
812 1374 970 1448 adductis,
996 1385 1030 1435 ut
1058 1374 1118 1435 im·

121 1486 248 1548 raverat,
260 1475 401 1537 arbitros
418 1473 505 1535 inter
516 1473 667 1535 civitates
684 1474 749 1547 dat,
764 1472 818 1554 qui
835 1472 924 1535 litem
942 1474 1118 1537 aestiment

62 1468 274 1757 Vdenamque
290 1576 503 1637 constituant.

124 1690 148 1737 2.
172 1676 216 1737 Hi
263 1673 426 1738 coniectis
457 1674 554 1736 rebus
585 1674 872 1755 conventibusque
902 1674 1053 1754 peractis
1085 1672 1119 1735 in

84 1774 252 1838 citeriorem
278 1775 417 1838 Galliam
443 1774 627 1847 revertitur,
650 1785 749 1855 atque
773 1774 850 1835 inde
873 1774 914 1836 ad
938 1774 1118 1835 exercitum
1140 1796 1168 1848 15

85 1875 298 1953 proficiscitur.
347 1872 423 1937 2Εο
445 1896 520 1936 cum
545 1874 699 1949 venisset,
723 1874 869 1935 circuitis
892 1874 1046 1936 omnibus
1071 1874 1120 1935 hi-

85 1973 190 2050 bernis,
220 1975 378 2057 singulari
413 1974 554 2036 militum
589 1974 709 2049 studio,
741 1972 774 2034 in
809 1994 938 2035 summa
970 1972 1118 2035 omnium

86 2094 180 2138 rerum
198 2076 316 2157 inopia,
332 2075 463 2139 circiter
480 2088 652 2137 sexcentas
670 2072 742 2155 ejus
761 2072 891 2153 generis
908 2073 1002 2153 cujus
1020 2095 1120 2153 supra

86 2174 369 2240 demonstravimus
389 2196 490 2237 naves
507 2186 541 2237 et
564 2174 680 2254 longas
697 2190 808 2233 xxvut
829 2172 955 2234 invenit
979 2173 1120 2236 instruc·

87 2284 136 2349 tas,
161 2298 264 2360 neque
292 2278 433 2339 multum
461 2276 579 2337 abesse
607 2275 647 2335 ab
676 2294 723 2345 e0,
751 2273 830 2353 quin
862 2274 974 2353 paucis
997 2274 1117 2359 diebus
1139 2300 1168 2334 20

87 2375 189 2440 deduci
206 2389 350 2459 possent.
396 2374 622 2439 3Collaudatis
639 2374 798 2436 militibus
819 2384 917 2455 atque
936 2373 974 2433 iis
991 2374 1046 2454 qui
1064 2395 1119 2435 ne·

87 2477 163 2553 gotio
186 2477 399 2558 praefuerant,
416 2477 493 2559 quid
520 2476 589 2537 fieri
610 2475 688 2536 velit
712 2473 865 2545 ostendit,
885 2484 984 2553 atque
1004 2494 1119 2535 omnes

88 2575 120 2635 ad
141 2590 263 2658 portum
294 2580 394 2641 Itium
421 2577 596 2640 convenire
622 2574 726 2656 jubet,
753 2595 817 2655 quo
845 2594 884 2635 ex
910 2584 1007 2653 portu
1033 2595 1119 2635 com·

89 2678 297 2741 nudissimum
326 2680 360 2741 in
389 2678 592 2740 Britanniam
621 2675 797 2756 trajectum
821 2694 895 2736 esse
919 2685 1120 2755 cognoverat

89 2761 336 2842 circitermilium
355 2800 511 2862 passuum
530 2778 665 2859 triginta
678 2797 697 2838 a
710 2775 904 2838 continenti.
943 2773 1057 2837 4Huic
1074 2776 1119 2837 rei
1139 2794 1168 2846 25

90 2879 162 2954 quod
188 2883 264 2943 satis
290 2902 365 2943 esse
390 2882 496 2941 visum
522 2890 573 2943 est
600 2879 740 2940 militum
770 2877 919 2959 reliquit:
949 2877 1018 2957 ipse
1044 2897 1119 2939 cum

90 2972 254 3054 legionibus
290 2981 450 3062 expeditis
487 2999 531 3056 iv,
565 2991 597 3041 et
633 2979 800 3061 equitibus
835 2996 932 3052 Dece,
967 2976 1000 3039 in
1036 2977 1119 3040 fines

91 3072 286 3142 Treverorum
318 3081 557 3163 proficiscitur;
589 3081 675 3162 quod
708 3080 741 3140 hi
774 3100 879 3160 neque
911 3080 951 3140 ad
983 3079 1121 3140 concilia

46 3227 48 3232 .
93 3176 255 3256 veniebant,
269 3202 375 3263 neque
393 3181 529 3261 imperio
546 3182 714 3263 parebant,
733 3179 982 3260 Germanosque
999 3179 1121 3240 Trans·

93 3268 235 3338 rhenanus
250 3280 427 3341 sollicitare
442 3279 643 3341 dicebantur.
1140 3296 1170 3344 30

130 3387 155 3449 3·
179 3375 265 3441 Haec
289 3380 403 3441 civitas
432 3379 529 3458 longe
558 3379 733 3459 plurimum
759 3378 859 3440 totius
884 3377 1009 3439 Galliae
1033 3378 1121 3458 equi-

95 3476 152 3531 tatu
164 3477 249 3551 valet,
262 3499 466 3560 magnasque
480 3480 578 3540 habet
592 3478 703 3557 copias
717 3478 874 3557 pediturn,
890 3478 1120 3558 Rhenumque,

97 3577 125 3627 ut
139 3589 224 3654 supra
239 3578 547 3650 demonstravimus,
565 3578 681 3659 tangit.
727 3574 789 3637 2ln
807 3598 845 3638 ea
858 3578 991 3639 civitate
1004 3578 1067 3638 duo
1081 3578 1121 3637 dc

98 3668 258 3754 principatu
284 3678 370 3740 inter
386 3700 422 3741 se
446 3680 701 3751 contendebant,
720 3678 965 3740 Indutiomarus
986 3687 1019 3738 et
1045 3676 1121 3737 Cin-

99 3774 220 3849 getorix;
241 3800 282 3840 ex
305 3779 425 3860 quibus
449 3778 540 3853 alter,
557 3778 653 3840 simul
677 3790 776 3857 atque
793 3779 833 3838 de
852 3776 1000 3838 Caesaris
1023 3776 1121 3855 legio·
1141 3788 1170 3836 35

101 3882 218 3954 numque
229 3880 374 3939 adventu
390 3878 558 3957 cognitum
576 3891 637 3950 est,
650 3878 691 3937 ad
712 3898 784 3937 eum
800 3876 909 3947 venit;
934 3895 968 3935 se
980 3894 1120 3952 suosque
