2667 4159
54 214 84 264 B.
97 211 133 265 G.
149 213 201 265 IV.
218 214 271 281 11.]
358 198 423 259 The
445 198 561 259 Mense
582 198 654 259 and
674 198 727 259 the
748 198 867 261 Ruina.
1114 215 1153 279 73

52 390 187 473 quidem
219 388 424 452 immortales
456 410 551 470 pares
580 408 655 451 esse
680 390 833 470 possint;
857 390 1020 471 reliquum
1045 390 1113 471 qui-

50 489 126 551 dem
166 488 202 549 in
240 487 338 550 terris
377 506 452 549 esse
490 486 670 560 neminem,
710 506 809 569 quem
848 507 915 548 non
955 508 1110 567 superare

50 582 202 667 possint’

93 684 120 745 8.
154 680 213 745 Ad
244 683 328 745 haec
359 702 443 765 quae
470 682 579 745 visum
607 692 659 746 est
684 681 807 746 Caesar
830 683 1001 763 respondit
1018 704 1026 759 ;
1049 684 1110 745 sed

50 780 157 843 exitus
182 776 247 841 fuit
280 780 462 843 orationis:
488 779 580 843 ‘Sibi
604 780 729 842 nullam
753 800 829 843 cum
854 780 905 841 his
930 780 1109 842 amicitiam
1139 805 1156 850 4

50 897 123 940 esse
155 896 267 959 posse,
300 876 328 939 si
360 876 394 938 in
433 876 542 940 Gallia
579 886 817 954 remanerent;
851 897 960 959 neque
994 897 1109 939 verum

49 994 132 1050 esse,
151 974 211 1058 qui
236 994 314 1037 suos
338 974 423 1037 fines
446 974 534 1038 tueri
561 995 628 1037 non
654 975 835 1056 potuerint,
864 974 990 1037 alienos
1019 993 1112 1037 occu-

49 1093 148 1154 pare;
170 1068 301 1153 ²neque
332 1072 417 1135 ullos
448 1070 482 1135 in
514 1071 623 1135 Gallia
653 1092 771 1136 vacare
808 1093 915 1155 agros,
947 1072 1003 1155 qui
1041 1073 1110 1135 dari

50 1179 164 1234 tantae
186 1169 384 1251 praesertim
409 1170 616 1232 multitudini
637 1170 711 1233 sine
731 1169 853 1252 injuria
876 1171 1007 1253 possint
1020 1191 1027 1247 ;
1052 1171 1110 1232 sed

50 1267 159 1342 licere,
179 1267 209 1329 si
233 1265 349 1342 velint,
369 1266 403 1328 in
430 1266 595 1330 Ubiorum
619 1268 743 1330 finibus
766 1268 950 1343 considere,
971 1288 1110 1349 quorum
1127 1290 1156 1324 ro

50 1364 115 1427 sint
139 1363 247 1447 legati
270 1364 357 1445 apud
381 1383 417 1427 se
440 1374 475 1427 et
498 1364 541 1427 de
564 1363 752 1427 Suevorum
777 1365 906 1447 injuriis
930 1375 1112 1447 querantur

49 1471 82 1525 et
97 1482 117 1525 a
133 1483 171 1525 se
189 1461 348 1525 auxilium
365 1471 506 1543 petant:
529 1461 593 1525 hoc
610 1482 647 1524 se
665 1461 763 1525 Ubiis
781 1461 1040 1543 imperaturum'

89 1578 119 1643 9.
155 1558 281 1641 Legati
304 1559 387 1622 haec
410 1579 447 1622 se
471 1559 512 1622 ad
536 1579 614 1622 suos
638 1559 801 1622 relaturos
825 1560 989 1633 dixerunt,
1015 1570 1048 1622 et
1077 1581 1112 1622 re

20 1696 26 1709 ·
50 1658 238 1721 deliberata
256 1666 332 1739 post
355 1656 444 1719 diem
467 1656 604 1720 tertium
630 1657 672 1719 ad
697 1656 875 1719 Caesarem
898 1677 1112 1721 reversuros:

50 1754 180 1819 interea
197 1776 241 1818 ne
263 1754 399 1838 propius
416 1774 453 1817 se
476 1763 586 1818 eastra
608 1764 759 1818 moveret
783 1755 962 1837 petierunt.
1011 1754 1064 1818 Ne
1079 1754 1113 1816 id
1128 1776 1155 1828 15

50 1854 184 1936 quidem
214 1851 338 1916 Caesar
359 1852 401 1916 ab
423 1872 460 1915 se
487 1852 657 1934 impetrari
686 1872 785 1933 posse
815 1852 906 1917 dixit.
962 1848 1113 1933 2C0gn0-

50 1960 140 2014 verat
174 1949 268 2014 enim
300 1970 455 2033 magnam
487 1959 616 2031 partem
649 1950 818 2032 equitatus
846 1950 888 2012 ab
915 1949 956 2011 iis
986 1948 1112 2031 aliquot

49 2051 168 2114 diebus
201 2058 282 2113 ante
313 2046 494 2131 praedandi
524 2044 817 2129 frumentandique
845 2067 944 2109 causa
967 2048 1017 2109 ad¹
1032 2046 1114 2110 Am-

50 2148 213 2211 bivaritos
229 2155 323 2210 trans
345 2146 476 2208 Mosam
501 2144 660 2208 missam:
683 2143 744 2206 hos
764 2145 952 2225 exspectari
970 2145 1111 2225 equites

51 2255 149 2328 atque
166 2244 245 2327 ejus
262 2244 310 2308 rei
326 2263 427 2307 causa
442 2262 567 2305 moram
585 2241 754 2322 interponi
770 2240 1001 2307 arbitrabatur.
1126 2265 1158 2301 20

95 2362 143 2408 10.
179 2343 281 2406 Mosa
303 2340 438 2425 profluit
460 2360 503 2403 ex
524 2349 641 2403 monte
663 2337 810 2420 Vosegn,
828 2340 885 2422 qui
907 2349 960 2403 est
985 2340 1019 2402 in
1043 2340 1114 2402 fini-

50 2441 111 2505 bus
136 2441 343 2523 Lingonum,
377 2447 412 2502 et
445 2446 540 2520 parte
571 2438 712 2520 quadam
742 2456 784 2499 ex
815 2436 936 2500 Rheno
967 2447 1111 2519 recepta,

51 2559 133 2621 quae
149 2536 342 2621 appellatur
356 2534 502 2619 Vacalus
519 2532 539 2614 †
556 2533 766 2617 insulamque
781 2532 883 2597 efficit
902 2534 1112 2609 Batavorum,

51 2635 83 2698 in
107 2637 287 2700 Oceanum
316 2633 435 2708 influit,
460 2652 570 2716 neque
592 2630 726 2713 longius
749 2631 792 2694 ab
817 2630 954 2695 Oceano
979 2633 1112 2695 milibus

51 2753 212 2814 passuum
248 2750 342 2795 Lxxx
375 2731 408 2794 in
441 2730 599 2793 Rhenum
631 2727 750 2793 influit.
807 2724 969 2793 ²Rhenus
1000 2740 1156 2803 autem25

51 2831 155 2894 oritur
171 2851 216 2894 ex
237 2828 421 2912 Lepontiis,
439 2827 496 2910 qui
518 2826 624 2909 Alpes
648 2825 810 2902 incolunt,
827 2836 861 2890 et
882 2827 982 2909 longo
1005 2828 1113 2909 spatio

51 2948 108 3009 per
157 2929 246 2991 fines
297 2926 528 3002 Nantuatium,
576 2922 820 3001 Helvetiorum,
872 2924 1110 3007 Sequanorum,

53 3024 355 3099 Mediomatricum,
388 3022 617 3097 Tribocorum,
650 3022 871 3085 Treverorum
904 3023 1026 3085 citatus
1051 3019 1114 3085 ier-

52 3132 124 3199 tur;
159 3133 206 3198 et,
236 3122 293 3185 ubi
321 3120 457 3187 Oceano
488 3119 777 3203 adpropinquavit,
803 3120 837 3183 in
861 3120 972 3202 plures
996 3120 1112 3183 defluit

53 3231 173 3300 partes,
207 3218 322 3282 multis
354 3217 615 3301 ingentibusque
647 3216 765 3281 insulis
800 3213 942 3293 effectis,
974 3239 1111 3301 quarum
1126 3240 1158 3289 30

53 3337 127 3397 pars
158 3337 284 3399 magna
314 3338 333 3379 a
362 3312 442 3380 feris
478 3313 693 3405 barbarisque
724 3314 915 3379 nationibus
947 3315 1111 3391 incolitur,

54 3434 93 3476 ex
115 3416 240 3497 quibus
272 3423 351 3477 sunt
382 3413 438 3495 qui
469 3412 618 3494 piscibus
642 3422 743 3495 atque
772 3412 842 3476 ovis
867 3413 976 3476 avium
1000 3414 1112 3476 vivere

56 3512 299 3586 existimantur,
317 3510 498 3592 multisque
516 3510 682 3591 capitibus
699 3511 732 3573 in
751 3508 924 3575 Oceanum
941 3510 1058 3575 influit.

102 3628 148 3673 11.
183 3609 308 3673 Caesar
329 3629 405 3673 cum
434 3607 476 3671 ab
507 3608 603 3671 hoste
634 3628 702 3671 non
727 3607 870 3690 amplius
896 3629 1030 3691 passum
1060 3630 1110 3673 xu

59 3706 191 3770 milibus
215 3707 360 3780 abesset,
391 3715 428 3769 ut
460 3714 533 3768 erat
564 3706 795 3781 constitutum,
829 3706 871 3769 ad
903 3727 977 3769 eum
1010 3706 1112 3787 legati
1125 3730 1155 3782 35

59 3813 290 3881 revertuntur;
324 3803 380 3886 qui
411 3803 445 3867 in
476 3801 599 3867 itinere
629 3803 802 3885 congressi
834 3823 1038 3885 magnopere
1070 3824 1112 3865 ne
