2667 4159
175 157 215 243 56
501 153 532 224 Α
557 152 642 225 Neu)
668 163 746 224 War
766 158 801 224 in
828 149 923 224 Gaul.
1155 163 1272 246 [Cassa

216 375 290 418 esse
314 376 407 437 spem
432 355 550 419 salutis
574 357 704 430 docent,
722 355 750 417 si
774 356 949 436 eruptione
971 353 1063 419 iacta
1085 362 1281 434 extremum,

215 453 371 516 auxilium
420 455 657 535 experirentur.
716 449 868 534 ³ltaque‚
916 452 1109 516 convocatis
1159 463 1269 516 centu·

215 551 372 625 rionibus,
414 552 567 614 celeriter
606 551 728 614 milites
769 551 926 615 certiores
972 548 1062 625 facit,
1102 538 1269 631 paulisper

215 649 477 712 intermitterent
495 649 666 731 proelium,
684 668 723 711 ac
740 650 971 711 tantummodo
988 648 1055 710 tela
1071 649 1172 717 missa
1189 650 1268 710 exci-

188 755 331 827 sperent
356 767 456 828 seque
481 768 521 808 ex
544 747 656 810 labore
679 745 877 821 reficerent;
901 755 986 827 post,
1004 747 1081 809 dato
1106 747 1212 827 signu,
1230 766 1266 807 ex
1308 756 1310 827 ξ

214 843 332 906 castris
371 854 593 925 erumperent,
633 853 734 926 atque
772 863 905 906 omnem
946 863 1039 924 spem
1079 843 1196 906 salutis
1235 844 1264 904 in
1308 848 1310 869 ¹

132 1011 134 1014 ¹
213 941 337 1004 virtute
361 952 533 1022 ponerent.
561 977 564 986 ·
1299 947 1304 957 ’

256 1039 284 1102 6.
313 1039 411 1122 Quod
435 1039 519 1120 jussi
537 1049 613 1102 sunt
638 1036 775 1114 faciunt,
793 1057 831 1102 ac
849 1039 960 1102 subito
984 1038 1139 1101 omnibus
1164 1039 1267 1121 portis.

213 1137 388 1218 eruptione
419 1134 516 1211 iacta,
542 1157 649 1219 neque
673 1137 897 1219 cognoscendi
921 1136 999 1218 quid
1030 1137 1135 1211 fieret,
1160 1157 1264 1218 neque

173 1256 201 1291 ιο
213 1234 264 1296 sui
296 1233 473 1317 colligendi
513 1234 665 1298 hostibus
702 1231 896 1297 facultatem
932 1235 1133 1316 relinquunt.
1194 1231 1264 1296 2lta
1292 1238 1310 1265 “’

213 1341 417 1394 commutata
454 1329 597 1406 fortuna,
637 1351 695 1395 eos
733 1331 788 1413 qui
827 1332 861 1393 in
899 1352 992 1412 spem
1033 1334 1261 1414 potiundorum
1308 1344 1310 1355 '

213 1438 395 1492 castrorum
420 1439 581 1492 venerant
605 1430 751 1512 undique
775 1430 1020 1493 circumventos
1043 1417 1262 1503 interficiunt}

212 1537 246 1589 et
269 1547 308 1590 ex
333 1526 505 1590 hominum
533 1526 666 1590 milibus
692 1527 835 1609 amplius
860 1526 1008 1609 triginta,
1034 1548 1132 1609 quem
1157 1546 1263 1590 nume-

212 1645 284 1687 rum
323 1624 537 1688 barbarorum
576 1625 617 1688 ad
656 1635 766 1689 castra
804 1625 937 1688 venisse
977 1626 1163 1700 constabat,
1193 1625 1261 1706 plus

172 1743 198 1796 ¹5
213 1722 312 1786 tertia
343 1732 437 1804 parte
469 1720 654 1799 interiecta,
688 1723 832 1805 reliquos
863 1723 1059 1804 perterritos
1091 1723 1125 1784 in
1155 1721 1259 1803 fugam

213 1819 392 1895 coniciunt,
409 1840 447 1883 ac
464 1841 506 1883 ne
522 1820 555 1882 in
573 1821 654 1884 locis
678 1821 811 1903 quidem
837 1821 1061 1902 superioribus
1086 1821 1260 1882 consistere

212 1917 392 1999 patiuntur.
440 1915 521 1982 3Sic
548 1919 704 1981 omnibus
731 1918 877 1980 hostium
905 1919 1010 2000 copiis
1037 1916 1130 1994 iusiS,
1159 1917 1261 1980 armis-

212 2036 276 2098 que
301 2015 419 2090 exutiS,
445 2036 481 2080 se
505 2017 538 2078 in
563 2026 674 2079 castra
697 2016 968 2098 munitionesque
992 2035 1069 2079 suas
1093 2014 1257 2096 recipiunt.

211 2111 311 2195 4Quo
335 2113 460 2194 proelio
490 2111 589 2189 lacto
621 2115 708 2196 quod
741 2113 872 2195 saepius
902 2111 1072 2176 fortunam
1104 2122 1259 2193 temptare
1296 2107 1298 2115 '

170 2232 200 2268 20
213 2209 319 2274 Galba
342 2210 487 2286 nolebat,
505 2222 604 2295 atque
620 2211 684 2274 alio
702 2232 737 2275 se
754 2211 787 2273 in
812 2211 951 2274 hiberna
973 2211 1113 2274 consilio
1136 2209 1278 2272 venisse·

213 2309 419 2387 meminerat,
445 2307 517 2372 aliis
544 2309 728 2373 occurrisse
753 2309 858 2372 rebus.
873 2309 1016 2383 uiderat,
1041 2309 1182 2372 maxime
1203 2304 1258 2367 iru-

212 2408 318 2471 menti
357 2421 630 2491 commeatusque
669 2407 782 2488 inopia
820 2416 1002 2488 permotus,
1033 2416 1168 2487 postero
1203 2403 1255 2473 die,

212 2506 367 2570 omnibus
398 2506 471 2589 ejus
502 2505 566 2569 vici
604 2504 765 2569 aediliciis
804 2504 961 2578 incensis,
993 2503 1026 2566 in
1066 2501 1256 2584 provinciam

212 2604 335 2667 reverti
363 2603 545 2678 contendit,
574 2623 612 2666 ac
641 2597 732 2665 nullo
759 2603 857 2666 hoste
888 2601 1087 2683 prohibente
1118 2610 1175 2663 aut
1205 2599 1258 2660 iter

171 2721 199 2774 25
213 2702 416 2777 demorante,
443 2701 643 2764 incolumem
668 2700 834 2782 legionem
859 2699 893 2761 in
919 2698 1110 2774 Nantuatis,
1135 2697 1210 2760 inde
1230 2694 1256 2755 in

213 2798 416 2881 Allobroges
434 2798 596 2880 perduxit,
615 2797 725 2880 ibique
742 2797 914 2861 hiemavit.

258 2912 284 2976 7.
312 2895 378 2959 His
402 2897 501 2959 rebus
525 2895 640 2978 gestis
666 2915 742 2958 cum
766 2894 922 2957 omnibus
945 2894 987 2955 de
1011 2893 1122 2956 causis
1149 2891 1259 2956 Caesar

214 3004 364 3076 pacatam
390 2992 530 3057 Galliam
557 2992 772 3067 existimaret,
791 2991 958 3073 superatis
983 2991 1105 3073 Belgis,
1124 2987 1257 3071 expulsis

215 3091 401 3166 Germanis,
429 3091 527 3155 victis
555 3090 587 3153 in
620 3089 767 3171 Alpibus
799 3089 954 3164 SeduniS,
982 3099 1083 3171 atque
1115 3087 1162 3150 ita
1190 3086 1259 3148 inita

173 3188 324 3258 gohieme
356 3188 389 3250 in
419 3189 587 3272 Illyricum
616 3184 786 3269 proiectus
814 3197 914 3264 esset,
942 3187 1030 3270 quod
1058 3207 1115 3249 eas
1143 3202 1258 3268 quoque

215 3285 367 3349 nationes
392 3287 482 3349 adire
499 3295 532 3348 et
557 3286 712 3367 regiones
737 3304 940 3367 cognoscere
963 3283 1109 3358 volebat,
1127 3283 1259 3346 subitum

215 3371 395 3446 bellum'in
421 3383 528 3446 Gallia
552 3391 702 3446 coortum
727 3393 788 3446 est.
841 3381 952 3465 2Ejus
984 3381 1063 3446 belli
1093 3382 1177 3445 baec
1207 3377 1259 3442 iuit

216 3501 324 3544 causa.
388 3480 420 3544 P.
456 3481 598 3544 Crassus
630 3480 827 3545 adulescens
859 3501 934 3544 cum
966 3479 1101 3561 legione
1132 3478 1261 3561 septima

216 3578 385 3659 proximus
413 3599 502 3641 mare
532 3567 706 3641 Oceanum
736 3579 769 3640 in
798 3579 956 3640 Andibus
989 3577 1162 3640 hiemarat.
1205 3573 1259 3645 ³ls,

175 3696 203 3747 35
217 3677 303 3755 quod
343 3675 375 3736 in
415 3676 466 3737 his
505 3675 586 3738 locis
626 3675 739 3755 inopia
776 3674 935 3737 frumenti
976 3684 1056 3748 erat,
1089 3671 1260 3754 praefectos

193 3771 435 3852 ¹tribunosque
468 3772 609 3834 militum
643 3771 830 3852 complures
863 3773 895 3833 in
928 3771 1088 3833 finitimas
1120 3771 1259 3833 civitates
1308 3853 1310 3856 y
