2667 4159
76 176 110 235 B.
126 176 162 237 d.
178 175 215 236 V'.
230 175 290 253 35]
381 178 589 267 Generalslzp
604 184 645 266 of
652 178 834 250 Ambiorix.
1074 196 1130 267 103

74 380 137 443 cile
152 380 275 442 omnia.
289 400 349 460 per
366 399 403 441 se
425 379 516 441 obire
540 390 573 441 et
598 379 677 461 quid
702 399 833 462 quoque
856 380 928 443 loco
944 377 1131 445 faciendum

73 491 165 544 esset
194 481 368 562 providere
395 492 542 560 possent,
568 479 739 558 jusserunt
767 482 982 562 pronuntiare
1010 492 1045 545 ut
1073 483 1132 547 im·

74 582 269 663 pedimenta
300 581 524 663 relinquerent
556 592 656 663 atque
690 581 722 642 in
755 582 868 644 orbern
900 582 1130 649 consisterent.

72 679 199 764 4Quod
218 682 403 757 consilium,
416 682 479 744 etsi
496 681 529 743 in
547 680 710 763 ejusmodi
727 702 805 745 casu
823 683 1130 764 reprehendendum

72 804 139 845 non
158 794 219 857 est,
237 794 348 845 tamen
369 783 578 845 incommode
594 782 735 846 accidit:
761 803 834 846 nam
853 794 886 847 et
908 785 1030 848 nostris
1051 787 1132 849 mili·
1151 802 1164 854 5

74 884 165 946 tibus
191 904 285 965 spem
309 882 437 956 minuit,
462 894 494 945 et
518 884 631 946 hostes
655 884 696 946 ad
720 904 865 965 pugnam
889 885 1062 949 alacriores
1086 886 1132 951 el-

71 982 165 1059 lecit,
189 984 279 1066 quod
304 1005 369 1045 non
394 983 464 1045 sine
489 1003 618 1046 summo
644 984 763 1046 timore
787 994 820 1047 et
844 985 1075 1067 desperatione
1099 988 1131 1051 id

72 1082 198 1147 factum
217 1084 399 1147 videbatur.
445 1080 642 1147 ⁵Praeterea
657 1084 786 1160 accidit,
804 1087 891 1168 quod
908 1086 977 1149 fieri
994 1107 1132 1152 necesse

45 1233 48 1240 .
72 1196 153 1259 erat,
171 1195 208 1247 ut
229 1185 328 1265 vulgo
351 1185 471 1247 milites
500 1186 542 1247 ab
570 1185 675 1266 signis
700 1185 918 1262 discederent,
936 1209 1019 1270 quae
1043 1190 1131 1272 quis-

71 1307 137 1368 que
166 1306 283 1348 eorum
310 1285 483 1348 carissima
508 1286 645 1348 haberet
677 1288 718 1349 ab
746 1286 993 1369 impedimentis
1019 1302 1131 1372 petere
1152 1315 1181 1350 10

70 1398 175 1468 atque
194 1386 346 1467 abripere
365 1395 576 1468 properaret3
601 1386 744 1451 clamore
764 1399 796 1452 et
816 1388 895 1453 fletu
916 1389 1026 1453 omnia
1043 1411 1130 1454 com-

70 1488 252 1569 plerentur.

116 1605 169 1667 34.
194 1587 245 1649 At
274 1586 422 1649 barbaris
451 1586 626 1651 consilium
654 1610 721 1651 non
750 1586 864 1654 defuit.
912 1590 1000 1653 Nam
1028 1592 1130 1656 duces

69 1709 186 1751 eorum
212 1698 283 1750 tota
305 1688 374 1752 acie
397 1688 612 1769 pronuntiare
634 1689 814 1771 jusserunt,
832 1712 873 1753 ne
897 1691 970 1773 quis
994 1692 1035 1753 ab
1058 1692 1130 1756 loco

70 1789 284 1863 discederet;
313 1786 442 1850 illorum
467 1809 542 1852 esse
568 1792 733 1871 praedam,
757 1803 856 1874 atque
885 1792 946 1854 illis
971 1794 1179 1878 reservari'15

69 1908 304 1973 quaecumque
317 1889 458 1951 Romani
478 1890 689 1973 reliquissent
704 1912 711 1968 ;
736 1892 874 1973 proinde
892 1893 1001 1955 omnia
1019 1893 1051 1954 in
1067 1894 1131 1958 vic-

70 1990 157 2054 toria
177 1990 287 2071 posita
304 1990 537 2054 existimarent.
582 1988 711 2054 ²Erant
734 2003 767 2055 et
792 1992 912 2055 virtute
936 2005 969 2056 et
993 2015 1130 2059 numero

69 2091 253 2172 pugnando
280 2110 376 2171 pares
402 2092 528 2168 nostri;
556 2093 689 2155 tametsi
717 2094 758 2156 ab
785 2094 868 2155 duce
896 2105 928 2156 et
954 2115 973 2158 a
997 2080 1131 2159 fortuna

67 2192 323 2267 deserebantur,
355 2202 467 2255 tamen
501 2214 633 2255 omnem
666 2214 758 2275 spem
794 2194 909 2257 salutis
944 2195 976 2255 in
1008 2196 1130 2260 virtute

68 2296 263 2377 ponebant;
294 2304 328 2357 et
352 2294 505 2377 quotiens
529 2314 679 2378 quaeque
706 2295 823 2357 cohors
848 2306 1063 2376 procurreret,
1088 2299 1129 2361 ab
1150 2328 1179 2363 20

68 2419 109 2461 ea
137 2411 232 2481 parte
257 2418 399 2479 magnus
429 2415 586 2457 numerus
610 2395 754 2457 hostium
779 2396 927 2460 cadebat.
974 2393 1072 2478 3Qua
1096 2419 1130 2461 re

69 2501 312 2573 animadversa,
330 2496 506 2561 Ambiorix
522 2496 728 2578 pronuntiari
751 2495 852 2577 jubet,
871 2507 906 2559 ut
930 2498 1042 2577 procul
1065 2500 1131 2561 tela

69 2601 242 2664 coniciant
274 2622 339 2663 neu
374 2598 508 2681 propius
539 2597 707 2671 accedant,
739 2607 772 2659 et
805 2617 900 2679 quarn
936 2598 969 2658 in
1001 2610 1127 2679 partem

73 2701 220 2765 Romani
246 2702 406 2782 impeturn
430 2697 570 2763 fecerint
595 2698 734 2773 cedant;
759 2697 892 2761 levitate
911 2718 1075 2761 armorum
1096 2712 1129 2764 et

70 2802 241 2864 cotidiana
256 2801 492 2863 exercitatione
516 2798 598 2861 nihil
622 2799 661 2861 iis
687 2798 798 2861 noceri
822 2818 937 2879 posse:
962 2820 1075 2863 rursus
1093 2822 1129 2865 se
1148 2831 1177 2883 ²5

71 2904 112 2965 ad
130 2903 227 2984 signa
244 2902 440 2983 recipientes
458 2900 685 2983 insequantur.

117 3019 169 3084 35.
196 3004 274 3085 Quo
305 3013 480 3083 praecepto
511 3002 553 3063 ab
584 3001 625 3064 iis
656 2999 909 3081 diligentissime
940 3001 1126 3079 observat0,

72 3126 147 3167 eum
167 3103 340 3187 quaepiam
357 3103 475 3165 cohors
492 3123 532 3165 ex
549 3103 628 3164 orbe
644 3112 832 3165 excesserat
847 3089 950 3184 ¹atque
967 3102 1126 3184 impetum

71 3202 207 3280 lecerat,
236 3206 350 3267 hostes
380 3202 589 3265 velocissime
620 3201 837 3285 refugiebant.
887 3202 1023 3265 Interim
1056 3226 1127 3267 eam

74 3319 203 3387 partem
232 3303 350 3367 nudari
381 3323 517 3367 necesse
544 3314 624 3378 erat,
653 3316 686 3368 et
718 3307 760 3368 ab
791 3306 894 3367 latere
921 3316 1033 3385 aperto
1066 3303 1130 3368 tela
1149 3337 1179 3387 30

75 3408 186 3489 recipi.
233 3403 397 3478 ²RursuS,
414 3425 488 3467 cum
512 3404 544 3466 in
562 3425 635 3467 eum
657 3406 765 3468 locum
786 3409 872 3470 unde
888 3416 983 3469 erant
1004 3406 1129 3486 egressi

74 3508 195 3571 reverti
221 3515 408 3587 coeperant,
432 3516 466 3567 et
489 3505 530 3566 ab
553 3505 592 3567 iis
617 3506 673 3587 qui
697 3521 863 3570 cesserant
888 3520 921 3572 et
944 3508 985 3569 ab
1009 3506 1047 3569 iis
1073 3507 1129 3588 qui

76 3608 215 3687 proximi
240 3617 401 3670 steterant
425 3606 788 3685 circumveniebantur3
813 3610 994 3673 sinautem
1021 3608 1128 3670 locum

78 3719 189 3772 tenere
213 3708 346 3780 vellent,
363 3728 424 3769 nec
440 3706 554 3769 virtuti
577 3707 670 3769 locus
698 3708 944 3791 relinquebatur
963 3731 1070 3793 neque
1087 3709 1129 3770 ab

77 3820 167 3873 tanta
183 3807 397 3875 multitudine
421 3806 572 3888 conjecta
595 3807 660 3870 tela
676 3806 817 3871 conferti
840 3796 943 3874 vitare
966 3820 1127 3892 poterant.
1148 3832 1178 3883 35

76 3905 226 3974 ³Tamen
254 3918 305 3973 tot
333 3907 551 3971 incommodis
579 3907 769 3976 conflictati.
797 3908 908 3971 multis
937 3910 1127 3971 vulneribus
