2667 4159
143 203 187 264 40
383 183 461 246 War
481 183 520 265 uf
538 182 591 244 tlte
613 182 757 265 Belgian
784 182 1005 266 Consederacy.
1127 201 1250 270 [Casan

187 385 290 440 erant.
337 372 503 437 21nterim
528 374 653 455 proelio
677 374 825 457 equestri
850 375 938 439 inter
961 377 1043 439 duas
1060 378 1149 442 acies
1173 400 1251 442 con-

188 475 397 537 tendebatur.
461 472 530 535 Ubi
562 472 673 534 neutri
710 474 907 535 transeundi
938 474 1070 538 initium
1109 474 1248 551 faciunt,

188 571 385 635 secundiore
423 569 573 651 equitum
613 569 739 649 proelio
771 570 904 645 nostris
939 571 1062 634 Caesar
1100 594 1178 636 suos
1216 574 1249 636 in

188 678 298 732 castra
321 667 459 731 reduxit.
509 667 637 730 Hostes
662 666 816 748 protinus
841 687 944 731 exeo
968 669 1041 732 loco
1057 671 1099 733 ad
1123 671 1249 733 flumen

162 766 344 843 5Axonam
377 765 632 837 contenderunt,
660 765 747 846 quod
779 784 855 827 esse
887 775 963 848 post
995 777 1111 829 nostra
1139 778 1251 832 castra

187 864 455 928 demonstratum
488 870 548 925 est.
600 858 677 923 3lbi
708 862 801 925 vadis
833 864 984 945 repertis,
1017 875 1146 945 partem
1179 886 1252 929 sua-

189 981 260 1024 rum
285 960 452 1042 copiarum
476 959 651 1022 traducere
676 960 788 1022 conati
812 970 899 1036 sunt,
924 980 964 1024 eo
987 963 1138 1040 consilio,
1156 973 1203 1037 ut,
1222 964 1249 1025 si

188 1068 337 1142 possent,
369 1056 554 1133 castellum,
587 1056 640 1120 cui
667 1067 820 1139 praeerat
853 1058 893 1139 Q.
927 1057 1076 1121 Titurius
1106 1060 1249 1142 legatus

188 1164 429 1238 expugnarent,
476 1164 681 1237 pontemque
727 1154 1032 1233 interscinderent;
1072 1157 1100 1219 si
1138 1158 1251 1220 minus

149 1277 177 1313 10
189 1254 388 1335 potuissent,
420 1272 518 1334 agros
551 1252 733 1314 Remorum
761 1252 1010 1334 popularentur,
1039 1254 1095 1336 qui
1127 1275 1249 1337 magno

189 1350 285 1413 nobis
309 1349 383 1413 usui
414 1350 455 1412 ad
487 1349 609 1412 bellum
642 1350 827 1431 gerendum
858 1359 963 1424 erant,
994 1361 1250 1435 commeatuque

189 1457 321 1511 nostros
347 1447 570 1530 prohiberent.

237 1564 282 1609 10.
311 1543 438 1621 Caesar,
464 1544 586 1607 certior
608 1540 718 1607 factus
748 1543 791 1607 ab
822 1544 962 1620 Titurio,
995 1564 1130 1610 omnem
1161 1548 1250 1630 equi·

190 1653 296 1707 tatum
328 1653 362 1707 et
394 1642 477 1705 le-vis
508 1651 695 1705 armaturae
728 1641 901 1719 Numidas
933 1640 1123 1707 funditores
1151 1646 1249 1727 sagit·
1325 1679 1326 1682 ¹

148 1742 360 1823 15tariosque
392 1749 530 1822 pontem
569 1738 724 1814 traducit,
757 1748 857 1821 atque
894 1741 936 1803 ad
967 1760 1026 1803 eos
1063 1743 1248 1805 contendit.

188 1836 348 1903 ²Acriter
370 1839 403 1899 in
428 1857 469 1901 eo
499 1838 572 1901 loco
596 1849 782 1920 pugnaturn
806 1848 867 1902 est.
916 1837 1045 1901 Hostes
1068 1838 1248 1921 impeditos

190 1937 297 2000 nostri
324 1936 358 1999 in
391 1935 527 1998 flumine
558 1936 717 2017 adgressi,
742 1957 901 2019 magnum
932 1946 1047 2002 eorum
1072 1958 1249 2002 numerum

190 2036 404 2100 occiderunt:
434 2054 495 2117 per
525 2054 639 2099 eorum
671 2054 810 2117 corpora
842 2035 996 2118 reliquos,
1028 2036 1248 2100 audacissime

190 2133 332 2197 transire
370 2142 541 2207 conantes
589 2132 804 2196 multitudine
849 2134 991 2197 telorum
1034 2133 1249 2216 repulerunt,

148 2253 180 2288 20
191 2232 327 2312 primos,
359 2230 415 2313 qui
438 2230 658 2306 transierant,
689 2230 840 2314 equitatu
872 2231 1119 2295 circumventos
1150 2232 1250 2296 inter·
1327 2249 1328 2286 1

190 2325 351 2393 fecerunt.
399 2324 550 2391 ³Hostes
568 2328 624 2390 ubi
648 2337 682 2391 et
706 2327 748 2392 de
764 2329 987 2410 expugnando
1010 2328 1133 2411 oppido
1150 2339 1185 2393 et
1208 2330 1249 2393 de

190 2427 327 2491 flumine
357 2426 563 2489 transeundo
601 2445 695 2507 spem
735 2445 771 2489 se
800 2422 962 2490 fefellisse
1000 2425 1247 2501 intellexerunt,

190 2545 298 2608 neque
322 2533 455 2588 nostros
483 2523 650 2587 inlocum
675 2521 873 2605 iniquiorem
897 2524 1053 2606 progredi
1076 2523 1250 2606 pugnandi

190 2643 291 2687 causa
320 2622 485 2696 viderunt,
517 2630 618 2703 atque
650 2620 741 2702 ipsos
771 2640 825 2682 res
858 2617 1076 2685 frumentaria
1105 2621 1250 2686 deficere

149 2742 179 2795 25
193 2721 313 2802 coepit,
332 2718 473 2783 concilio
498 2727 691 2792 convocato,
715 2717 963 2781 constituerunt
987 2718 1151 2799 optimum
1175 2739 1250 2782 esse

191 2819 324 2881 domurn
356 2837 449 2880 suam
481 2834 646 2897 quemque
685 2814 816 2889 reverti,
850 2824 894 2890 et,
927 2835 1065 2897 quorum
1098 2816 1132 2878 in
1164 2817 1249 2879 fines

190 2915 332 2997 primum
374 2912 517 2976 Romani
557 2911 740 2975 exercitum
784 2912 1057 2988 introduxissent,
1104 2914 1145 2976 ad
1192 2934 1249 2977 eos

190 3009 419 3075 defendendos
450 3010 596 3092 undique
630 3008 860 3084 convenirent,
896 3020 933 3073 ut
963 3010 1075 3092 potius
1114 3010 1148 3074 in
1180 3011 1249 3074 suis

190 3130 288 3191 quam
328 3109 361 3171 in
401 3108 518 3170 alienis
557 3107 681 3170 finibus
718 3108 940 3182 decertarent,
980 3117 1014 3171 et
1055 3108 1248 3173 domesticis

148 3229 179 3279 30
191 3207 294 3288 copiis
327 3206 374 3269 rei
405 3203 642 3267 frumentariae
676 3214 858 3267 uterentur.
904 3203 987 3267 4Αά
1014 3226 1088 3267 eam
1117 3216 1250 3268 senten·

190 3304 271 3367 tiam
303 3324 378 3367 cum
410 3302 546 3384 reliquis
577 3302 686 3364 causis
717 3301 800 3364 haec
831 3321 962 3383 quoque
993 3302 1077 3365 ratio
1108 3322 1167 3367 eos
1198 3304 1251 3366 de-

191 3402 292 3475 duxit,
318 3400 405 3482 quod
430 3399 634 3461 Divitiacum
666 3408 766 3481 atque
799 3398 960 3461 Haeduos
991 3399 1114 3462 finibus
1146 3400 1252 3463 Bello

191 3518 346 3561 vacorum
378 3497 643 3578 adpropinquare
676 3506 912 3577 cognoverant.
962 3495 1027 3558 His
1058 3498 1251 3577 persuaderi

191 3605 227 3657 ut
266 3595 390 3657 diutius
429 3603 646 3667 morarentur,
686 3614 793 3675 neque
825 3592 894 3655 suis
925 3592 1081 3655 auxilium
1112 3592 1248 3670 ferrent,

148 3713 178 3765 35
192 3712 258 3754 non
283 3700 421 3773 poterat.

240 3808 285 3854 11.
304 3788 363 3851 ‘Ea
401 3809 435 3851 re
467 3788 659 3863 constituta,
700 3788 848 3851 secunda
878 3786 991 3870 vigilia
1022 3809 1143 3873 magno
1175 3810 1248 3855 curn
