2667 4159
1324 80 1326 161 l

196 196 257 245 120
430 180 542 242 Terms
558 179 713 263 required
723 182 764 263 of
773 181 826 245 tlte
840 182 996 265 Menapii.
1118 182 1245 252 [CAESAR

190 367 242 420 ter
265 354 396 431 Caesar,
420 356 609 437 petentibus
639 356 801 433 Haeduis,
825 357 882 421 dat
903 358 1033 421 veniam
1057 362 1245 426 excusatio-

189 478 332 541 nemque
355 457 485 539 accipit,
507 458 596 541 quod
622 457 786 520 aestivum
813 470 945 540 tempus
969 460 1127 523 instantis
1155 462 1244 539 belli,

189 578 255 621 non
279 557 491 641 quaestionis,
514 578 587 622 esse
610 558 851 635 arbitrabatur;
875 559 1045 624 obsidibus
1069 561 1244 644 imperatis

188 668 333 735 centum,
345 660 405 722 hos
425 658 573 722 Haeduis
590 658 824 722 custodiendos
841 659 947 725 tradit.
993 657 1144 725 3Eodem
1164 662 1244 727 Car·
1325 654 1326 659 ¹

156 769 286 849 5nutes
320 759 447 840 legatos
480 758 678 842 obsidesque
710 760 855 834 mittunt,
887 760 938 825 usi
971 761 1244 844 deprecatoribus

189 859 311 936 Remis,
342 880 481 943 quorum
513 870 607 924 erant
638 860 672 923 in
703 859 874 945 clientela:
904 862 1018 925 eadem
1049 859 1164 927 lerunt
1197 885 1245 927 re-

188 980 318 1043 sponsa.
367 960 498 1043 Peragit
521 960 696 1025 concilium
722 961 854 1036 Caesar,
879 962 1075 1046 equitesque
1098 963 1242 1047 imperat

187 1061 384 1126 civitatibus.

233 1177 261 1243 5.
288 1164 363 1227 Hac
379 1172 472 1245 parte
488 1161 615 1226 Galliae
637 1173 763 1244 pacata,
780 1173 870 1227 totus
888 1174 921 1226 et
944 1174 1057 1227 mente
1072 1175 1106 1229 et
1130 1165 1243 1229 animo

140 1309 169 1345 ω
186 1263 220 1326 in
245 1264 365 1328 bellum
389 1265 608 1327 Treverorum
632 1275 666 1327 et
693 1264 899 1347 Ambiorigis
923 1265 1058 1329 insistit.
1106 1264 1242 1329 Cavari-

186 1385 265 1428 num
290 1386 365 1430 cum
389 1364 537 1447 equitatu
563 1364 732 1428 Senonum
754 1384 866 1429 secum
890 1364 1054 1447 proficisci
1076 1365 1183 1448 jubet,
1201 1388 1242 1431 ne

186 1466 259 1549 quis
282 1475 340 1529 aut
363 1486 404 1529 ex
430 1465 528 1548 hujus
552 1464 731 1540 iracundia,
754 1476 812 1528 aut
835 1486 876 1529 ex
898 1486 938 1530 eo
962 1467 1048 1549 quod
1074 1478 1242 1531 meruerat

187 1566 272 1644 odio,
297 1566 440 1630 civitatis
468 1576 578 1629 motus
610 1566 738 1629 existat.
789 1562 879 1629 ²His
911 1567 1009 1630 rebus
1037 1568 1239 1644 constitutis,

185 1668 273 1750 quod
305 1687 364 1749 pro
390 1666 558 1748 explorato
588 1665 731 1729 habebat
763 1665 992 1747 Ambiorigem
1020 1667 1144 1749 proelio
1173 1689 1237 1731 non

139 1810 167 1862 15
185 1788 259 1831 esse
276 1778 552 1842 concertaturum,
569 1766 694 1849 reliqua
716 1766 787 1849 ejus
811 1767 948 1830 consilia
971 1767 1081 1830 animo
1100 1769 1239 1832 circum·

186 1868 354 1951 spiciebat.
400 1865 528 1931 ³Erant
542 1866 688 1949 Menapii
705 1867 880 1950 propinqui
898 1867 1092 1931 Eburonum
1107 1869 1237 1943 finibus,

185 1968 354 2051 perpetuis
378 1968 551 2050 paludibus
575 1967 731 2050 silvisque
755 1968 882 2043 muniti,
906 1968 959 2051 qui
988 1968 1043 2030 uni
1067 1989 1107 2031 ex
1133 1968 1239 2032 Gallia

185 2070 227 2132 de
243 2090 324 2151 pace
340 2069 380 2131 ad
403 2068 576 2132 Caesarem
597 2068 723 2151 legatos
740 2088 918 2151 numquam
936 2068 1103 2133 miserant.
1152 2068 1237 2133 Cum

185 2170 237 2233 his
254 2191 327 2233 esse
351 2168 531 2250 hospitium
549 2168 737 2250 Ambiorigi
761 2169 905 2233 sciebat:
930 2169 1008 2233 item
1033 2190 1091 2251 per
1114 2169 1236 2235 Treve-

136 2320 168 2357 20
186 2291 239 2334 ros
255 2270 386 2333 venisse
411 2268 585 2332 Germanis
609 2269 641 2331 in
662 2268 840 2333 amicitiam
860 2279 1072 2351 cognoverat.
1117 2267 1236 2335 4Haec

185 2371 275 2453 prius
306 2370 351 2433 illi
382 2370 586 2433 detrahenda
612 2369 731 2432 auxilia
758 2369 966 2434 existimabat
997 2391 1094 2453 quam
1127 2370 1235 2453 ipsum

185 2471 271 2536 bello
294 2471 492 2546 lacesseret;
516 2490 567 2545 ne,
590 2470 765 2551 desperata
789 2469 901 2544 salute,
926 2481 981 2533 aut
1006 2492 1040 2535 se
1063 2471 1096 2533 in
1122 2471 1237 2536 Mena-

185 2573 256 2654 pios
273 2573 408 2635 abderet
424 2582 480 2635 aut
496 2591 570 2634 cum
590 2570 857 2634 Transrhenanis
874 2570 1029 2651 congredi
1053 2585 1234 2653 cogeretur.

183 2670 282 2737 5Ηοο
313 2673 396 2735 inito
426 2671 573 2746 consilio,
602 2671 703 2735 totius
735 2669 897 2734 exercitus
928 2670 1166 2753 impedimenta
1197 2672 1235 2735 ad

137 2811 166 2862 ²5
188 2774 370 2837 Labienum
394 2772 427 2835 in
453 2773 614 2835 Treveros
631 2771 741 2846 mittit,
758 2772 905 2854 duasque
928 2770 1074 2852 legiones
1095 2773 1136 2835 ad
1161 2794 1234 2836 eum

184 2874 348 2955 proficisci
369 2872 485 2955 jubet;
508 2872 580 2954 ipse
599 2893 673 2935 cum
698 2872 882 2953 legionibus
907 2871 1067 2953 expeditis
1091 2872 1235 2956 quinque

184 2976 217 3037 in
240 2974 413 3057 Menapios
432 2972 661 3055 proficiscitur.
707 2969 791 3047 lllli,
809 2972 898 3035 nulla
914 2983 1028 3036 coacta
1047 2992 1156 3047 manu,
1174 2972 1234 3036 loci

185 3074 348 3157 praesidio
370 3072 455 3150 freti,
479 3074 513 3136 in
536 3072 635 3137 silvas
661 3072 866 3157 paludesque
889 3070 1085 3155 confugiunt
1109 3094 1233 3157 suaque

184 3179 300 3241 eodem
318 3173 502 3241 conferunt

136 3324 166 3371 30
227 3279 256 3341 6.
281 3277 413 3352 Caesar,
432 3274 562 3360 partitis
585 3275 688 3358 copiis
712 3296 787 3339 cum
813 3274 849 3339 C.
871 3273 974 3339 Fabio
996 3273 1106 3357 legato
1130 3287 1163 3340 et
1189 3276 1233 3339 M.
1321 3294 1322 3321 ³

185 3377 307 3442 Crasso
326 3388 509 3462 quaestore,
528 3376 741 3459 celeriterque
761 3372 889 3439 effectis
908 3375 1074 3458 pontibus
1095 3377 1164 3441 adit
1184 3375 1234 3439 tri-

185 3478 315 3561 partito,
331 3478 481 3541 aedificia
500 3477 655 3560 vicosque
676 3476 831 3550 incendit,
849 3497 969 3559 magno
989 3476 1117 3558 pecoris
1137 3488 1233 3560 atque

185 3580 354 3643 hominum
372 3599 510 3641 numero
531 3578 665 3659 potitur.
710 3573 862 3659 2Quibus
880 3578 976 3641 rebus
993 3577 1100 3641 coacti
1122 3579 1233 3642 Mena·
1320 3650 1321 3659 2

186 3680 230 3760 pii
253 3679 380 3759 legatos
397 3679 438 3740 ad
461 3698 536 3740 eum
559 3677 649 3759 pacis
674 3678 835 3757 petendae
854 3698 954 3740 causa
974 3678 1119 3743 mittunt.
1169 3679 1233 3753 llle,
1320 3666 1321 3683 ¹

138 3779 356 3869 „obsidibus
380 3777 535 3858 acceptis,
558 3777 701 3838 hostium
726 3797 762 3839 se
786 3777 973 3839 habiturum
998 3798 1137 3842 numero
1161 3800 1232 3843 cou-

187 3879 303 3953 firmat,
320 3877 348 3941 si
372 3888 429 3939 aut
452 3876 680 3957 Ambiorigem
700 3886 756 3937 aut
780 3876 851 3957 ejus
875 3876 1000 3958 legatos
1024 3878 1147 3943 finibus
1168 3879 1232 3942 suis
