<?xml version="1.0" encoding="UTF-8"?>
<!DOCTYPE html PUBLIC "-//W3C//DTD XHTML 1.0 Transitional//EN"
    "http://www.w3.org/TR/xhtml1/DTD/xhtml1-transitional.dtd">
<html xmlns="http://www.w3.org/1999/xhtml" xml:lang="en" lang="en">
 <head>
  <title>
</title>
<meta http-equiv="Content-Type" content="text/html;charset=utf-8" />
  <meta name='ocr-system' content='tesseract 3.04.00' />
  <meta name='ocr-capabilities' content='ocr_page ocr_carea ocr_par ocr_line ocrx_word'/>
</head>
<body>
  <div class='ocr_page' id='page_1' title='image "./caesarsgallicwa01greegoog_0042.png"; bbox 0 0 2667 4159; ppageno 0'>
   <div class='ocr_carea' id='block_1_1' title="bbox 123 149 1242 227">
    <p class='ocr_par' dir='ltr' id='par_1_1' title="bbox 123 149 1242 227">
     <span class='ocr_line' id='line_1_1' title="bbox 123 149 1242 227; baseline -0.003 -13"><span class='ocrx_word' id='word_1_1' title='bbox 123 168 161 214; x_wconf 81' lang='grc' dir='ltr'><strong>ιο</strong></span> <span class='ocrx_word' id='word_1_2' title='bbox 482 149 512 211; x_wconf 91' lang='lat' dir='ltr'><em>T</em></span> <span class='ocrx_word' id='word_1_3' title='bbox 508 150 547 212; x_wconf 77' lang='lat' dir='ltr'><strong>de</strong></span> <span class='ocrx_word' id='word_1_4' title='bbox 568 150 747 213; x_wconf 80' lang='lat' dir='ltr'><strong>Helvetz‘an</strong></span> <span class='ocrx_word' id='word_1_5' title='bbox 777 151 883 221; x_wconf 71' lang='lat' dir='ltr'><strong>Ware</strong></span> <span class='ocrx_word' id='word_1_6' title='bbox 1101 157 1242 227; x_wconf 67' lang='lat' dir='ltr'><strong>[Cissim</strong></span> 
     </span>
    </p>
   </div>
   <div class='ocr_carea' id='block_1_2' title="bbox 67 337 1275 3835">
    <p class='ocr_par' dir='ltr' id='par_1_2' title="bbox 67 337 1275 2371">
     <span class='ocr_line' id='line_1_2' title="bbox 162 337 1222 420; baseline 0.006 -20"><span class='ocrx_word' id='word_1_7' title='bbox 162 337 355 420; x_wconf 82' lang='lat' dir='ltr'><strong>respondit:</strong></span> <span class='ocrx_word' id='word_1_8' title='bbox 391 338 465 401; x_wconf 85' lang='lat' dir='ltr'><strong>‘Ita</strong></span> <span class='ocrx_word' id='word_1_9' title='bbox 491 338 667 400; x_wconf 88' lang='lat' dir='ltr'><strong>Helvetios</strong></span> <span class='ocrx_word' id='word_1_10' title='bbox 694 358 713 401; x_wconf 91' lang='lat' dir='ltr'><strong>a</strong></span> <span class='ocrx_word' id='word_1_11' title='bbox 738 338 919 420; x_wconf 88' lang='lat' dir='ltr'><strong>majoribus</strong></span> <span class='ocrx_word' id='word_1_12' title='bbox 948 339 1016 402; x_wconf 91' lang='lat' dir='ltr'><strong>suis</strong></span> <span class='ocrx_word' id='word_1_13' title='bbox 1045 340 1222 407; x_wconf 89' lang='lat' dir='ltr'><strong>institutos</strong></span> 
     </span>
     <span class='ocr_line' id='line_1_3' title="bbox 161 436 1222 530; baseline 0.005 -32"><span class='ocrx_word' id='word_1_14' title='bbox 161 456 247 510; x_wconf 89' lang='lat' dir='ltr'><strong>esse,</strong></span> <span class='ocrx_word' id='word_1_15' title='bbox 272 436 320 498; x_wconf 90' lang='lat' dir='ltr'><strong>uti</strong></span> <span class='ocrx_word' id='word_1_16' title='bbox 348 436 481 499; x_wconf 90' lang='lat' dir='ltr'><strong>obsides</strong></span> <span class='ocrx_word' id='word_1_17' title='bbox 510 436 670 518; x_wconf 90' lang='lat' dir='ltr'><strong>accipere,</strong></span> <span class='ocrx_word' id='word_1_18' title='bbox 698 457 766 499; x_wconf 92' lang='lat' dir='ltr'><strong>non</strong></span> <span class='ocrx_word' id='word_1_19' title='bbox 791 436 870 499; x_wconf 87' lang='lat' dir='ltr'><strong>dare</strong></span> <span class='ocrx_word' id='word_1_20' title='bbox 897 438 1091 530; x_wconf 72' lang='lat' dir='ltr'><strong>consuerint</strong></span> <span class='ocrx_word' id='word_1_21' title='bbox 1106 462 1113 516; x_wconf 90' lang='grc'>;</span> <span class='ocrx_word' id='word_1_22' title='bbox 1148 442 1222 522; x_wconf 85' lang='lat' dir='ltr'><strong>ejus</strong></span> 
     </span>
     <span class='ocr_line' id='line_1_4' title="bbox 161 533 1222 638; baseline 0.005 -43"><span class='ocrx_word' id='word_1_23' title='bbox 161 534 208 596; x_wconf 88' lang='lat' dir='ltr'><strong>rei</strong></span> <span class='ocrx_word' id='word_1_24' title='bbox 236 534 392 615; x_wconf 91' lang='lat' dir='ltr'><strong>populum</strong></span> <span class='ocrx_word' id='word_1_25' title='bbox 420 534 610 597; x_wconf 90' lang='lat' dir='ltr'><strong>Romanum</strong></span> <span class='ocrx_word' id='word_1_26' title='bbox 640 554 716 597; x_wconf 87' lang='lat' dir='ltr'><strong>esse</strong></span> <span class='ocrx_word' id='word_1_27' title='bbox 746 533 891 638; x_wconf 54' lang='lat' dir='ltr'><strong>tespem)</strong></span> <span class='ocrx_word' id='word_1_28' title='bbox 949 534 1026 597; x_wconf 93' lang='lat' dir='ltr'><strong>Hoc</strong></span> <span class='ocrx_word' id='word_1_29' title='bbox 1059 557 1222 619; x_wconf 89' lang='lat' dir='ltr'><strong>responso</strong></span> 
     </span>
     <span class='ocr_line' id='line_1_5' title="bbox 161 626 1275 722; baseline 0.001 -29"><span class='ocrx_word' id='word_1_30' title='bbox 161 633 248 722; x_wconf 79' lang='lat' dir='ltr'><strong>datp,</strong></span> <span class='ocrx_word' id='word_1_31' title='bbox 274 630 449 695; x_wconf 79' lang='lat' dir='ltr'><strong>discessit&#39;</strong></span> <span class='ocrx_word' id='word_1_32' title='bbox 1034 709 1037 713; x_wconf 82' lang='lat'>.</span> <span class='ocrx_word' id='word_1_33' title='bbox 1135 626 1149 643; x_wconf 61' lang='lat'>⁰</span> <span class='ocrx_word' id='word_1_34' title='bbox 1272 634 1275 639; x_wconf 80' lang='grc'><strong>’</strong></span> 
     </span>
     <span class='ocr_line' id='line_1_6' title="bbox 67 728 1220 809; baseline 0.003 -18"><span class='ocrx_word' id='word_1_35' title='bbox 67 785 70 791; x_wconf 92' lang='grc'><em>.</em></span> <span class='ocrx_word' id='word_1_36' title='bbox 134 751 146 802; x_wconf 86' lang='lat'>5</span> <span class='ocrx_word' id='word_1_37' title='bbox 209 744 254 809; x_wconf 85' lang='lat'><strong>15.</strong></span> <span class='ocrx_word' id='word_1_38' title='bbox 288 730 425 791; x_wconf 90' lang='lat' dir='ltr'><strong>Postero</strong></span> <span class='ocrx_word' id='word_1_39' title='bbox 453 728 506 791; x_wconf 90' lang='lat' dir='ltr'><strong>die</strong></span> <span class='ocrx_word' id='word_1_40' title='bbox 538 738 647 792; x_wconf 92' lang='lat' dir='ltr'><strong>castra</strong></span> <span class='ocrx_word' id='word_1_41' title='bbox 679 749 720 791; x_wconf 90' lang='lat' dir='ltr'><strong>ex</strong></span> <span class='ocrx_word' id='word_1_42' title='bbox 754 747 794 792; x_wconf 92' lang='lat' dir='ltr'><strong>eo</strong></span> <span class='ocrx_word' id='word_1_43' title='bbox 820 728 894 794; x_wconf 92' lang='lat' dir='ltr'><strong>loco</strong></span> <span class='ocrx_word' id='word_1_44' title='bbox 923 741 1067 795; x_wconf 89' lang='lat' dir='ltr'><strong>movent.</strong></span> <span class='ocrx_word' id='word_1_45' title='bbox 1126 734 1220 795; x_wconf 89' lang='lat' dir='ltr'><strong>Idem</strong></span> 
     </span>
     <span class='ocr_line' id='line_1_7' title="bbox 159 825 1219 910; baseline 0.003 -21"><span class='ocrx_word' id='word_1_46' title='bbox 159 825 239 889; x_wconf 80' lang='lat' dir='ltr'><strong>facit</strong></span> <span class='ocrx_word' id='word_1_47' title='bbox 290 826 422 903; x_wconf 89' lang='lat' dir='ltr'><strong>Caesar,</strong></span> <span class='ocrx_word' id='word_1_48' title='bbox 470 826 722 910; x_wconf 83' lang='lat' dir='ltr'><strong>equitatumque</strong></span> <span class='ocrx_word' id='word_1_49' title='bbox 766 846 908 902; x_wconf 92' lang='lat' dir='ltr'><strong>omnem,</strong></span> <span class='ocrx_word' id='word_1_50' title='bbox 957 829 998 891; x_wconf 93' lang='lat' dir='ltr'><strong>ad</strong></span> <span class='ocrx_word' id='word_1_51' title='bbox 1044 838 1219 893; x_wconf 88' lang='lat' dir='ltr'><strong>numerum</strong></span> 
     </span>
     <span class='ocr_line' id='line_1_8' title="bbox 161 924 1224 1013; baseline 0.003 -26"><span class='ocrx_word' id='word_1_52' title='bbox 161 934 317 1007; x_wconf 85' lang='lat' dir='ltr'><strong>quattuor</strong></span> <span class='ocrx_word' id='word_1_53' title='bbox 340 925 478 1001; x_wconf 88' lang='lat' dir='ltr'><strong>milium,</strong></span> <span class='ocrx_word' id='word_1_54' title='bbox 502 944 600 1007; x_wconf 91' lang='lat' dir='ltr'><strong>quem</strong></span> <span class='ocrx_word' id='word_1_55' title='bbox 626 944 666 987; x_wconf 84' lang='lat' dir='ltr'><strong>ex</strong></span> <span class='ocrx_word' id='word_1_56' title='bbox 695 924 785 987; x_wconf 88' lang='lat' dir='ltr'><strong>omni</strong></span> <span class='ocrx_word' id='word_1_57' title='bbox 814 925 984 1006; x_wconf 90' lang='lat' dir='ltr'><strong>provincia</strong></span> <span class='ocrx_word' id='word_1_58' title='bbox 1009 937 1043 1013; x_wconf 86' lang='lat' dir='ltr'><strong>et</strong></span> <span class='ocrx_word' id='word_1_59' title='bbox 1069 928 1224 990; x_wconf 87' lang='lat' dir='ltr'><strong>Haeduis</strong></span> 
     </span>
     <span class='ocr_line' id='line_1_9' title="bbox 160 1022 1221 1107; baseline 0.003 -22"><span class='ocrx_word' id='word_1_60' title='bbox 160 1033 261 1105; x_wconf 89' lang='lat' dir='ltr'><strong>atque</strong></span> <span class='ocrx_word' id='word_1_61' title='bbox 293 1043 405 1085; x_wconf 91' lang='lat' dir='ltr'><strong>eorum</strong></span> <span class='ocrx_word' id='word_1_62' title='bbox 439 1022 538 1085; x_wconf 91' lang='lat' dir='ltr'><strong>sociis</strong></span> <span class='ocrx_word' id='word_1_63' title='bbox 572 1032 724 1086; x_wconf 85' lang='lat' dir='ltr'><strong>coactum</strong></span> <span class='ocrx_word' id='word_1_64' title='bbox 758 1022 913 1099; x_wconf 90' lang='lat' dir='ltr'><strong>habebat,</strong></span> <span class='ocrx_word' id='word_1_65' title='bbox 945 1025 1138 1106; x_wconf 86' lang='lat' dir='ltr'><strong>praemittit,</strong></span> <span class='ocrx_word' id='word_1_66' title='bbox 1164 1027 1221 1107; x_wconf 92' lang='lat' dir='ltr'><strong>qui</strong></span> 
     </span>
     <span class='ocr_line' id='line_1_10' title="bbox 159 1118 1222 1204; baseline 0.005 -23"><span class='ocrx_word' id='word_1_67' title='bbox 159 1121 296 1183; x_wconf 91' lang='lat' dir='ltr'><strong>videant</strong></span> <span class='ocrx_word' id='word_1_68' title='bbox 320 1141 401 1202; x_wconf 91' lang='lat' dir='ltr'><strong>quas</strong></span> <span class='ocrx_word' id='word_1_69' title='bbox 424 1121 457 1182; x_wconf 91' lang='lat' dir='ltr'><strong>in</strong></span> <span class='ocrx_word' id='word_1_70' title='bbox 482 1130 592 1201; x_wconf 90' lang='lat' dir='ltr'><strong>partes</strong></span> <span class='ocrx_word' id='word_1_71' title='bbox 616 1122 733 1184; x_wconf 92' lang='lat' dir='ltr'><strong>hostes</strong></span> <span class='ocrx_word' id='word_1_72' title='bbox 755 1120 821 1182; x_wconf 88' lang='lat' dir='ltr'><strong>iter</strong></span> <span class='ocrx_word' id='word_1_73' title='bbox 834 1118 967 1184; x_wconf 85' lang='lat' dir='ltr'><strong>faciant.</strong></span> <span class='ocrx_word' id='word_1_74' title='bbox 1014 1119 1114 1204; x_wconf 78' lang='lat' dir='ltr'><strong>²Qui,</strong></span> <span class='ocrx_word' id='word_1_75' title='bbox 1132 1124 1222 1204; x_wconf 91' lang='lat' dir='ltr'><strong>cupi-</strong></span> 
     </span>
     <span class='ocr_line' id='line_1_11' title="bbox 119 1217 1219 1299; baseline 0.008 -26"><span class='ocrx_word' id='word_1_76' title='bbox 119 1240 149 1274; x_wconf 83' lang='grc' dir='ltr'><strong>ιο</strong></span> <span class='ocrx_word' id='word_1_77' title='bbox 161 1218 234 1279; x_wconf 92' lang='lat' dir='ltr'><strong>dius</strong></span> <span class='ocrx_word' id='word_1_78' title='bbox 279 1217 495 1281; x_wconf 90' lang='lat' dir='ltr'><strong>novissimum</strong></span> <span class='ocrx_word' id='word_1_79' title='bbox 535 1238 655 1299; x_wconf 83' lang='lat' dir='ltr'>agmen</span> <span class='ocrx_word' id='word_1_80' title='bbox 692 1218 848 1293; x_wconf 89' lang='lat' dir='ltr'><strong>insecuti,</strong></span> <span class='ocrx_word' id='word_1_81' title='bbox 884 1219 994 1282; x_wconf 90' lang='lat' dir='ltr'><strong>alieno</strong></span> <span class='ocrx_word' id='word_1_82' title='bbox 1031 1220 1103 1283; x_wconf 93' lang='lat' dir='ltr'><strong>loco</strong></span> <span class='ocrx_word' id='word_1_83' title='bbox 1143 1241 1219 1282; x_wconf 93' lang='lat' dir='ltr'><strong>cum</strong></span> 
     </span>
     <span class='ocr_line' id='line_1_12' title="bbox 161 1314 1220 1399; baseline 0.003 -22"><span class='ocrx_word' id='word_1_84' title='bbox 161 1315 312 1397; x_wconf 92' lang='lat' dir='ltr'><strong>equitatu</strong></span> <span class='ocrx_word' id='word_1_85' title='bbox 341 1314 574 1378; x_wconf 88' lang='lat' dir='ltr'><strong>Helvetiorum</strong></span> <span class='ocrx_word' id='word_1_86' title='bbox 603 1317 765 1398; x_wconf 90' lang='lat' dir='ltr'><strong>proelium</strong></span> <span class='ocrx_word' id='word_1_87' title='bbox 798 1318 1035 1393; x_wconf 89' lang='lat' dir='ltr'><strong>committunt;</strong></span> <span class='ocrx_word' id='word_1_88' title='bbox 1065 1328 1098 1381; x_wconf 90' lang='lat' dir='ltr'><strong>ct</strong></span> <span class='ocrx_word' id='word_1_89' title='bbox 1123 1320 1220 1399; x_wconf 89' lang='lat' dir='ltr'><strong>pauci</strong></span> 
     </span>
     <span class='ocr_line' id='line_1_13' title="bbox 160 1410 1218 1496; baseline 0.003 -22"><span class='ocrx_word' id='word_1_90' title='bbox 160 1415 201 1474; x_wconf 90' lang='lat' dir='ltr'><strong>de</strong></span> <span class='ocrx_word' id='word_1_91' title='bbox 240 1414 363 1475; x_wconf 91' lang='lat' dir='ltr'><strong>nostris</strong></span> <span class='ocrx_word' id='word_1_92' title='bbox 395 1415 526 1476; x_wconf 88' lang='lat' dir='ltr'><strong>cadunt.</strong></span> <span class='ocrx_word' id='word_1_93' title='bbox 587 1410 691 1495; x_wconf 81' lang='lat' dir='ltr'><strong>3Quo</strong></span> <span class='ocrx_word' id='word_1_94' title='bbox 729 1414 856 1496; x_wconf 88' lang='lat' dir='ltr'><strong>proelio</strong></span> <span class='ocrx_word' id='word_1_95' title='bbox 896 1414 1017 1478; x_wconf 87' lang='lat' dir='ltr'><strong>sublati</strong></span> <span class='ocrx_word' id='word_1_96' title='bbox 1057 1416 1218 1489; x_wconf 85' lang='lat' dir='ltr'><strong>Helvetii,</strong></span> 
     </span>
     <span class='ocr_line' id='line_1_14' title="bbox 160 1511 1222 1594; baseline 0.003 -22"><span class='ocrx_word' id='word_1_97' title='bbox 160 1511 247 1591; x_wconf 93' lang='lat' dir='ltr'><strong>quod</strong></span> <span class='ocrx_word' id='word_1_98' title='bbox 279 1511 471 1592; x_wconf 88' lang='lat' dir='ltr'><strong>quingentis</strong></span> <span class='ocrx_word' id='word_1_99' title='bbox 499 1511 666 1593; x_wconf 87' lang='lat' dir='ltr'><strong>equitibus</strong></span> <span class='ocrx_word' id='word_1_100' title='bbox 698 1521 825 1575; x_wconf 89' lang='lat' dir='ltr'><strong>tantam</strong></span> <span class='ocrx_word' id='word_1_101' title='bbox 854 1512 1103 1576; x_wconf 85' lang='lat' dir='ltr'><strong>multitudinem</strong></span> <span class='ocrx_word' id='word_1_102' title='bbox 1131 1515 1222 1594; x_wconf 90' lang='lat' dir='ltr'><strong>equi-</strong></span> 
     </span>
     <span class='ocr_line' id='line_1_15' title="bbox 160 1608 1219 1690; baseline 0.004 -21"><span class='ocrx_word' id='word_1_103' title='bbox 160 1619 230 1670; x_wconf 87' lang='lat' dir='ltr'><strong>tum</strong></span> <span class='ocrx_word' id='word_1_104' title='bbox 255 1608 479 1690; x_wconf 89' lang='lat' dir='ltr'><strong>propulerant,</strong></span> <span class='ocrx_word' id='word_1_105' title='bbox 506 1609 663 1671; x_wconf 89' lang='lat' dir='ltr'><strong>audacius</strong></span> <span class='ocrx_word' id='word_1_106' title='bbox 689 1609 873 1672; x_wconf 87' lang='lat' dir='ltr'><strong>subsistere</strong></span> <span class='ocrx_word' id='word_1_107' title='bbox 904 1630 1151 1690; x_wconf 87' lang='lat' dir='ltr'><strong>nonnunquam,</strong></span> <span class='ocrx_word' id='word_1_108' title='bbox 1185 1623 1219 1673; x_wconf 89' lang='lat' dir='ltr'><strong>et</strong></span> 
     </span>
     <span class='ocr_line' id='line_1_16' title="bbox 119 1706 1217 1789; baseline 0.006 -26"><span class='ocrx_word' id='word_1_109' title='bbox 119 1728 146 1779; x_wconf 83' lang='lat'><strong>15</strong></span> <span class='ocrx_word' id='word_1_110' title='bbox 161 1706 344 1769; x_wconf 91' lang='lat' dir='ltr'><strong>novissimo</strong></span> <span class='ocrx_word' id='word_1_111' title='bbox 367 1706 505 1787; x_wconf 87' lang='lat' dir='ltr'><strong>agmine·</strong></span> <span class='ocrx_word' id='word_1_112' title='bbox 526 1706 652 1787; x_wconf 90' lang='lat' dir='ltr'><strong>proelio</strong></span> <span class='ocrx_word' id='word_1_113' title='bbox 680 1717 813 1769; x_wconf 92' lang='lat' dir='ltr'><strong>nostros</strong></span> <span class='ocrx_word' id='word_1_114' title='bbox 838 1707 1002 1770; x_wconf 88' lang='lat' dir='ltr'><strong>lacessere</strong></span> <span class='ocrx_word' id='word_1_115' title='bbox 1026 1718 1217 1789; x_wconf 89' lang='lat' dir='ltr'><strong>coeperunt.</strong></span> 
     </span>
     <span class='ocr_line' id='line_1_17' title="bbox 158 1801 1218 1884; baseline 0.002 -19"><span class='ocrx_word' id='word_1_116' title='bbox 158 1801 309 1867; x_wconf 75' lang='lat' dir='ltr'><strong>4Caesar</strong></span> <span class='ocrx_word' id='word_1_117' title='bbox 332 1824 410 1867; x_wconf 92' lang='lat' dir='ltr'><strong>suos</strong></span> <span class='ocrx_word' id='word_1_118' title='bbox 433 1824 453 1866; x_wconf 90' lang='lat' dir='ltr'><strong>a</strong></span> <span class='ocrx_word' id='word_1_119' title='bbox 475 1805 601 1884; x_wconf 87' lang='lat' dir='ltr'><strong>proelio</strong></span> <span class='ocrx_word' id='word_1_120' title='bbox 625 1804 830 1879; x_wconf 89' lang='lat' dir='ltr'><strong>continebat,</strong></span> <span class='ocrx_word' id='word_1_121' title='bbox 848 1826 886 1867; x_wconf 93' lang='lat' dir='ltr'><strong>ac</strong></span> <span class='ocrx_word' id='word_1_122' title='bbox 910 1805 992 1867; x_wconf 90' lang='lat' dir='ltr'><strong>satis</strong></span> <span class='ocrx_word' id='word_1_123' title='bbox 1016 1806 1160 1869; x_wconf 88' lang='lat' dir='ltr'><strong>habebat</strong></span> <span class='ocrx_word' id='word_1_124' title='bbox 1184 1806 1218 1867; x_wconf 91' lang='lat' dir='ltr'><strong>in</strong></span> 
     </span>
     <span class='ocr_line' id='line_1_18' title="bbox 161 1901 1220 1983; baseline 0.002 -21"><span class='ocrx_word' id='word_1_125' title='bbox 161 1901 349 1981; x_wconf 84' lang='lat' dir='ltr'><strong>praesentia</strong></span> <span class='ocrx_word' id='word_1_126' title='bbox 375 1902 506 1964; x_wconf 86' lang='lat' dir='ltr'><strong>hostem</strong></span> <span class='ocrx_word' id='word_1_127' title='bbox 536 1901 671 1983; x_wconf 87' lang='lat' dir='ltr'><strong>rapinis,</strong></span> <span class='ocrx_word' id='word_1_128' title='bbox 697 1901 976 1983; x_wconf 87' lang='lat' dir='ltr'><strong>pabulationibus,</strong></span> <span class='ocrx_word' id='word_1_129' title='bbox 1001 1903 1220 1983; x_wconf 90' lang='lat' dir='ltr'><strong>populationi-</strong></span> 
     </span>
     <span class='ocr_line' id='line_1_19' title="bbox 160 1995 1219 2081; baseline 0.002 -20"><span class='ocrx_word' id='word_1_130' title='bbox 160 2000 288 2080; x_wconf 88' lang='lat' dir='ltr'><strong>busque</strong></span> <span class='ocrx_word' id='word_1_131' title='bbox 316 1999 499 2080; x_wconf 90' lang='lat' dir='ltr'><strong>prohibere.</strong></span> <span class='ocrx_word' id='word_1_132' title='bbox 561 1995 640 2063; x_wconf 80' lang='lat' dir='ltr'><strong>5lta</strong></span> <span class='ocrx_word' id='word_1_133' title='bbox 671 2000 743 2063; x_wconf 92' lang='lat' dir='ltr'><strong>dies</strong></span> <span class='ocrx_word' id='word_1_134' title='bbox 774 2000 1126 2081; x_wconf 88' lang='lat' dir='ltr'><strong>circiter·quindecim</strong></span> <span class='ocrx_word' id='word_1_135' title='bbox 1154 2001 1219 2063; x_wconf 91' lang='lat' dir='ltr'><strong>iter</strong></span> 
     </span>
     <span class='ocr_line' id='line_1_20' title="bbox 158 2094 1220 2178; baseline 0 -19"><span class='ocrx_word' id='word_1_136' title='bbox 158 2094 320 2171; x_wconf 80' lang='lat' dir='ltr'><strong>fecerunt,</strong></span> <span class='ocrx_word' id='word_1_137' title='bbox 346 2097 393 2159; x_wconf 91' lang='lat' dir='ltr'><strong>uti</strong></span> <span class='ocrx_word' id='word_1_138' title='bbox 418 2096 506 2158; x_wconf 82' lang='lat' dir='ltr'><strong>inter</strong></span> <span class='ocrx_word' id='word_1_139' title='bbox 529 2097 747 2160; x_wconf 89' lang='lat' dir='ltr'><strong>novissimum</strong></span> <span class='ocrx_word' id='word_1_140' title='bbox 772 2097 918 2161; x_wconf 91' lang='lat' dir='ltr'><strong>hostium</strong></span> <span class='ocrx_word' id='word_1_141' title='bbox 942 2117 1063 2178; x_wconf 90' lang='lat' dir='ltr'><strong>agmen</strong></span> <span class='ocrx_word' id='word_1_142' title='bbox 1087 2108 1122 2160; x_wconf 87' lang='lat' dir='ltr'><strong>et</strong></span> <span class='ocrx_word' id='word_1_143' title='bbox 1146 2119 1220 2160; x_wconf 88' lang='lat' dir='ltr'><strong>nos-</strong></span> 
     </span>
     <span class='ocr_line' id='line_1_21' title="bbox 116 2194 1218 2277; baseline 0.002 -22"><span class='ocrx_word' id='word_1_144' title='bbox 116 2216 148 2250; x_wconf 88' lang='lat'><strong>20</strong></span> <span class='ocrx_word' id='word_1_145' title='bbox 159 2204 247 2256; x_wconf 92' lang='lat' dir='ltr'><strong>trum</strong></span> <span class='ocrx_word' id='word_1_146' title='bbox 280 2194 423 2274; x_wconf 92' lang='lat' dir='ltr'><strong>primum</strong></span> <span class='ocrx_word' id='word_1_147' title='bbox 455 2214 522 2257; x_wconf 91' lang='lat' dir='ltr'><strong>non</strong></span> <span class='ocrx_word' id='word_1_148' title='bbox 554 2194 697 2277; x_wconf 89' lang='lat' dir='ltr'><strong>amplius</strong></span> <span class='ocrx_word' id='word_1_149' title='bbox 729 2194 839 2277; x_wconf 91' lang='lat' dir='ltr'><strong>quinis</strong></span> <span class='ocrx_word' id='word_1_150' title='bbox 872 2204 929 2257; x_wconf 92' lang='lat' dir='ltr'><strong>aut</strong></span> <span class='ocrx_word' id='word_1_151' title='bbox 960 2194 1052 2258; x_wconf 90' lang='lat' dir='ltr'><strong>senis</strong></span> <span class='ocrx_word' id='word_1_152' title='bbox 1083 2195 1218 2257; x_wconf 91' lang='lat' dir='ltr'><strong>milibus</strong></span> 
     </span>
     <span class='ocr_line' id='line_1_22' title="bbox 158 2292 527 2371; baseline 0 -18"><span class='ocrx_word' id='word_1_153' title='bbox 158 2312 316 2371; x_wconf 91' lang='lat' dir='ltr'><strong>passuum</strong></span> <span class='ocrx_word' id='word_1_154' title='bbox 341 2292 527 2354; x_wconf 90' lang='lat' dir='ltr'><strong>interesset.</strong></span> 
     </span>
    </p>

    <p class='ocr_par' dir='ltr' id='par_1_3' title="bbox 158 2387 1219 2666">
     <span class='ocr_line' id='line_1_23' title="bbox 206 2387 1216 2463; baseline 0.004 -14"><span class='ocrx_word' id='word_1_155' title='bbox 206 2390 252 2452; x_wconf 89' lang='lat'><strong>16.</strong></span> <span class='ocrx_word' id='word_1_156' title='bbox 294 2388 433 2451; x_wconf 89' lang='lat' dir='ltr'><strong>Interim</strong></span> <span class='ocrx_word' id='word_1_157' title='bbox 472 2389 593 2452; x_wconf 84' lang='lat' dir='ltr'><strong>cotidie</strong></span> <span class='ocrx_word' id='word_1_158' title='bbox 633 2388 758 2453; x_wconf 91' lang='lat' dir='ltr'><strong>Caesar</strong></span> <span class='ocrx_word' id='word_1_159' title='bbox 797 2389 957 2453; x_wconf 88' lang='lat' dir='ltr'><strong>Haeduos</strong></span> <span class='ocrx_word' id='word_1_160' title='bbox 1001 2387 1216 2463; x_wconf 80' lang='lat' dir='ltr'><strong>frumentum,</strong></span> 
     </span>
     <span class='ocr_line' id='line_1_24' title="bbox 158 2486 1219 2569; baseline 0.001 -21"><span class='ocrx_word' id='word_1_161' title='bbox 158 2486 245 2567; x_wconf 92' lang='lat' dir='ltr'><strong>quod</strong></span> <span class='ocrx_word' id='word_1_162' title='bbox 274 2495 389 2549; x_wconf 89' lang='lat' dir='ltr'><strong>essent</strong></span> <span class='ocrx_word' id='word_1_163' title='bbox 414 2486 546 2568; x_wconf 89' lang='lat' dir='ltr'><strong>publice</strong></span> <span class='ocrx_word' id='word_1_164' title='bbox 577 2486 725 2567; x_wconf 88' lang='lat' dir='ltr'><strong>polliciti,</strong></span> <span class='ocrx_word' id='word_1_165' title='bbox 751 2486 911 2569; x_wconf 88' lang='lat' dir='ltr'><strong>flagitare.</strong></span> <span class='ocrx_word' id='word_1_166' title='bbox 970 2488 1057 2549; x_wconf 91' lang='lat' dir='ltr'><strong>Nam</strong></span> <span class='ocrx_word' id='word_1_167' title='bbox 1082 2497 1219 2568; x_wconf 90' lang='lat' dir='ltr'><strong>propter</strong></span> 
     </span>
     <span class='ocr_line' id='line_1_25' title="bbox 158 2580 1219 2666; baseline 0.002 -21"><span class='ocrx_word' id='word_1_168' title='bbox 158 2580 289 2663; x_wconf 78' lang='lat' dir='ltr'><strong>frigora,</strong></span> <span class='ocrx_word' id='word_1_169' title='bbox 316 2585 404 2665; x_wconf 92' lang='lat' dir='ltr'><strong>quod</strong></span> <span class='ocrx_word' id='word_1_170' title='bbox 430 2584 538 2646; x_wconf 90' lang='lat' dir='ltr'><strong>Gallia</strong></span> <span class='ocrx_word' id='word_1_171' title='bbox 563 2585 624 2646; x_wconf 92' lang='lat' dir='ltr'><strong>sub</strong></span> <span class='ocrx_word' id='word_1_172' title='bbox 657 2585 946 2666; x_wconf 87' lang='lat' dir='ltr'><strong>septentrionibus</strong></span> <span class='ocrx_word' id='word_1_173' title='bbox 978 2588 1028 2665; x_wconf 89' lang='lat' dir='ltr'><strong>(ut</strong></span> <span class='ocrx_word' id='word_1_174' title='bbox 1050 2595 1129 2647; x_wconf 90' lang='lat' dir='ltr'><strong>ante</strong></span> <span class='ocrx_word' id='word_1_175' title='bbox 1153 2584 1219 2647; x_wconf 93' lang='lat' dir='ltr'><strong>dic-</strong></span> 
     </span>
    </p>

    <p class='ocr_par' dir='ltr' id='par_1_4' title="bbox 115 2679 1219 3154">
     <span class='ocr_line' id='line_1_26' title="bbox 115 2679 1219 2764; baseline 0.005 -26"><span class='ocrx_word' id='word_1_176' title='bbox 115 2704 144 2754; x_wconf 87' lang='lat'><strong>25</strong></span> <span class='ocrx_word' id='word_1_177' title='bbox 158 2691 229 2743; x_wconf 94' lang='lat' dir='ltr'><strong>tum</strong></span> <span class='ocrx_word' id='word_1_178' title='bbox 247 2683 311 2762; x_wconf 89' lang='lat' dir='ltr'><strong>est)</strong></span> <span class='ocrx_word' id='word_1_179' title='bbox 330 2682 440 2762; x_wconf 91' lang='lat' dir='ltr'><strong>posita</strong></span> <span class='ocrx_word' id='word_1_180' title='bbox 456 2690 517 2756; x_wconf 90' lang='lat' dir='ltr'><strong>est,</strong></span> <span class='ocrx_word' id='word_1_181' title='bbox 535 2702 601 2743; x_wconf 92' lang='lat' dir='ltr'><strong>non</strong></span> <span class='ocrx_word' id='word_1_182' title='bbox 628 2682 725 2744; x_wconf 91' lang='lat' dir='ltr'><strong>modo</strong></span> <span class='ocrx_word' id='word_1_183' title='bbox 749 2679 918 2745; x_wconf 83' lang='lat' dir='ltr'><strong>frumenta</strong></span> <span class='ocrx_word' id='word_1_184' title='bbox 935 2683 967 2744; x_wconf 95' lang='lat' dir='ltr'><strong>in</strong></span> <span class='ocrx_word' id='word_1_185' title='bbox 984 2683 1072 2764; x_wconf 89' lang='lat' dir='ltr'><strong>agris</strong></span> <span class='ocrx_word' id='word_1_186' title='bbox 1089 2692 1219 2745; x_wconf 88' lang='lat' dir='ltr'><strong>matura</strong></span> 
     </span>
     <span class='ocr_line' id='line_1_27' title="bbox 158 2779 1218 2861; baseline 0.002 -22"><span class='ocrx_word' id='word_1_187' title='bbox 158 2798 225 2839; x_wconf 89' lang='lat' dir='ltr'><strong>non</strong></span> <span class='ocrx_word' id='word_1_188' title='bbox 253 2788 356 2853; x_wconf 88' lang='lat' dir='ltr'><strong>erant,</strong></span> <span class='ocrx_word' id='word_1_189' title='bbox 382 2780 440 2841; x_wconf 85' lang='lat' dir='ltr'><strong>sed</strong></span> <span class='ocrx_word' id='word_1_190' title='bbox 473 2798 515 2840; x_wconf 92' lang='lat' dir='ltr'><strong>ne</strong></span> <span class='ocrx_word' id='word_1_191' title='bbox 547 2779 659 2860; x_wconf 87' lang='lat' dir='ltr'><strong>pabuli</strong></span> <span class='ocrx_word' id='word_1_192' title='bbox 693 2780 826 2861; x_wconf 92' lang='lat' dir='ltr'><strong>quidem</strong></span> <span class='ocrx_word' id='word_1_193' title='bbox 860 2780 941 2843; x_wconf 90' lang='lat' dir='ltr'><strong>satis</strong></span> <span class='ocrx_word' id='word_1_194' title='bbox 970 2800 1091 2860; x_wconf 86' lang='lat' dir='ltr'><strong>magna</strong></span> <span class='ocrx_word' id='word_1_195' title='bbox 1122 2781 1218 2860; x_wconf 89' lang='lat' dir='ltr'><strong>copia</strong></span> 
     </span>
     <span class='ocr_line' id='line_1_28' title="bbox 157 2873 1216 2959; baseline 0.003 -22"><span class='ocrx_word' id='word_1_196' title='bbox 157 2878 378 2956; x_wconf 89' lang='lat' dir='ltr'><strong>suppetebat:</strong></span> <span class='ocrx_word' id='word_1_197' title='bbox 420 2895 459 2938; x_wconf 92' lang='lat' dir='ltr'><strong>eo</strong></span> <span class='ocrx_word' id='word_1_198' title='bbox 485 2886 597 2939; x_wconf 91' lang='lat' dir='ltr'><strong>autem</strong></span> <span class='ocrx_word' id='word_1_199' title='bbox 625 2873 803 2951; x_wconf 76' lang='lat' dir='ltr'><strong>frumento,</strong></span> <span class='ocrx_word' id='word_1_200' title='bbox 834 2878 920 2959; x_wconf 93' lang='lat' dir='ltr'><strong>quod</strong></span> <span class='ocrx_word' id='word_1_201' title='bbox 949 2877 1085 2940; x_wconf 90' lang='lat' dir='ltr'><strong>flumine</strong></span> <span class='ocrx_word' id='word_1_202' title='bbox 1108 2876 1216 2940; x_wconf 84' lang='lat' dir='ltr'><strong>Arare</strong></span> 
     </span>
     <span class='ocr_line' id='line_1_29' title="bbox 157 2974 1216 3056; baseline 0.002 -22"><span class='ocrx_word' id='word_1_203' title='bbox 157 2974 298 3035; x_wconf 87' lang='lat' dir='ltr'><strong>navibus</strong></span> <span class='ocrx_word' id='word_1_204' title='bbox 324 2974 530 3050; x_wconf 86' lang='lat' dir='ltr'><strong>subvexerat,</strong></span> <span class='ocrx_word' id='word_1_205' title='bbox 556 2984 734 3056; x_wconf 90' lang='lat' dir='ltr'><strong>propterea</strong></span> <span class='ocrx_word' id='word_1_206' title='bbox 760 2975 869 3037; x_wconf 92' lang='lat' dir='ltr'><strong>minus</strong></span> <span class='ocrx_word' id='word_1_207' title='bbox 893 2974 941 3037; x_wconf 91' lang='lat' dir='ltr'><strong>uti</strong></span> <span class='ocrx_word' id='word_1_208' title='bbox 965 2984 1104 3056; x_wconf 87' lang='lat' dir='ltr'><strong>poterat,</strong></span> <span class='ocrx_word' id='word_1_209' title='bbox 1129 2977 1216 3056; x_wconf 94' lang='lat' dir='ltr'><strong>quod</strong></span> 
     </span>
     <span class='ocr_line' id='line_1_30' title="bbox 156 3070 1216 3154; baseline 0.003 -23"><span class='ocrx_word' id='word_1_210' title='bbox 156 3072 220 3132; x_wconf 90' lang='lat' dir='ltr'><strong>iter</strong></span> <span class='ocrx_word' id='word_1_211' title='bbox 243 3071 284 3133; x_wconf 90' lang='lat' dir='ltr'><strong>ab</strong></span> <span class='ocrx_word' id='word_1_212' title='bbox 308 3070 415 3133; x_wconf 89' lang='lat' dir='ltr'><strong>Arare</strong></span> <span class='ocrx_word' id='word_1_213' title='bbox 445 3070 593 3134; x_wconf 89' lang='lat' dir='ltr'><strong>Helvetii</strong></span> <span class='ocrx_word' id='word_1_214' title='bbox 627 3082 826 3147; x_wconf 88' lang='lat' dir='ltr'><strong>averterant,</strong></span> <span class='ocrx_word' id='word_1_215' title='bbox 853 3071 1016 3154; x_wconf 91' lang='lat' dir='ltr'><strong>aquibus</strong></span> <span class='ocrx_word' id='word_1_216' title='bbox 1044 3072 1216 3135; x_wconf 87' lang='lat' dir='ltr'><strong>discedere</strong></span> 
     </span>
    </p>

    <p class='ocr_par' dir='ltr' id='par_1_5' title="bbox 112 3166 1216 3640">
     <span class='ocr_line' id='line_1_31' title="bbox 112 3166 1209 3251; baseline 0.001 -22"><span class='ocrx_word' id='word_1_217' title='bbox 112 3190 145 3237; x_wconf 75' lang='lat'><strong>30</strong></span> <span class='ocrx_word' id='word_1_218' title='bbox 157 3168 300 3231; x_wconf 85' lang='lat' dir='ltr'><strong>nolebat.</strong></span> <span class='ocrx_word' id='word_1_219' title='bbox 347 3166 466 3230; x_wconf 82' lang='lat' dir='ltr'><strong>2Diem</strong></span> <span class='ocrx_word' id='word_1_220' title='bbox 492 3190 532 3231; x_wconf 87' lang='lat' dir='ltr'><strong>ex</strong></span> <span class='ocrx_word' id='word_1_221' title='bbox 555 3170 610 3233; x_wconf 91' lang='lat' dir='ltr'><strong>die</strong></span> <span class='ocrx_word' id='word_1_222' title='bbox 637 3170 758 3233; x_wconf 90' lang='lat' dir='ltr'><strong>ducere</strong></span> <span class='ocrx_word' id='word_1_223' title='bbox 793 3170 949 3234; x_wconf 85' lang='lat' dir='ltr'><strong>Haedui:</strong></span> <span class='ocrx_word' id='word_1_224' title='bbox 978 3170 1125 3251; x_wconf 83' lang='lat' dir='ltr'><strong>conferri,</strong></span> <span class='ocrx_word' id='word_1_225' title='bbox 1137 3189 1209 3243; x_wconf 83' lang='lat' dir='ltr'><strong>com-</strong></span> 
     </span>
     <span class='ocr_line' id='line_1_32' title="bbox 148 3265 1213 3346; baseline 0.002 -19"><span class='ocrx_word' id='word_1_226' title='bbox 148 3267 286 3346; x_wconf 75' lang='lat' dir='ltr'><strong>portari,</strong></span> <span class='ocrx_word' id='word_1_227' title='bbox 311 3267 430 3340; x_wconf 81' lang='lat' dir='ltr'><strong>adesse,</strong></span> <span class='ocrx_word' id='word_1_228' title='bbox 454 3266 583 3331; x_wconf 73' lang='lat' dir='ltr'><strong>diceret</strong></span> <span class='ocrx_word' id='word_1_229' title='bbox 623 3266 692 3329; x_wconf 90' lang='lat' dir='ltr'><strong>Ubi</strong></span> <span class='ocrx_word' id='word_1_230' title='bbox 716 3286 752 3329; x_wconf 88' lang='lat' dir='ltr'><strong>se</strong></span> <span class='ocrx_word' id='word_1_231' title='bbox 776 3268 902 3330; x_wconf 87' lang='lat' dir='ltr'><strong>diutius</strong></span> <span class='ocrx_word' id='word_1_232' title='bbox 933 3268 1008 3330; x_wconf 91' lang='lat' dir='ltr'><strong>duci</strong></span> <span class='ocrx_word' id='word_1_233' title='bbox 1041 3265 1213 3339; x_wconf 84' lang='lat' dir='ltr'><strong>intellexit,</strong></span> 
     </span>
     <span class='ocr_line' id='line_1_33' title="bbox 156 3362 1215 3445; baseline 0.002 -21"><span class='ocrx_word' id='word_1_234' title='bbox 156 3373 188 3424; x_wconf 91' lang='lat' dir='ltr'><strong>et</strong></span> <span class='ocrx_word' id='word_1_235' title='bbox 218 3363 304 3425; x_wconf 90' lang='lat' dir='ltr'><strong>diem</strong></span> <span class='ocrx_word' id='word_1_236' title='bbox 337 3364 472 3438; x_wconf 91' lang='lat' dir='ltr'><strong>instare,</strong></span> <span class='ocrx_word' id='word_1_237' title='bbox 502 3383 567 3445; x_wconf 93' lang='lat' dir='ltr'><strong>quo</strong></span> <span class='ocrx_word' id='word_1_238' title='bbox 594 3364 646 3427; x_wconf 89' lang='lat' dir='ltr'><strong>die</strong></span> <span class='ocrx_word' id='word_1_239' title='bbox 674 3362 879 3428; x_wconf 86' lang='lat' dir='ltr'><strong>frumentum</strong></span> <span class='ocrx_word' id='word_1_240' title='bbox 913 3365 1075 3427; x_wconf 88' lang='lat' dir='ltr'><strong>militibus</strong></span> <span class='ocrx_word' id='word_1_241' title='bbox 1106 3365 1215 3426; x_wconf 89' lang='lat' dir='ltr'><strong>metiri</strong></span> 
     </span>
     <span class='ocr_line' id='line_1_34' title="bbox 155 3460 1216 3546; baseline 0.002 -25"><span class='ocrx_word' id='word_1_242' title='bbox 155 3470 333 3540; x_wconf 87' lang='lat' dir='ltr'><strong>oporteret,</strong></span> <span class='ocrx_word' id='word_1_243' title='bbox 360 3460 551 3524; x_wconf 91' lang='lat' dir='ltr'><strong>convocatis</strong></span> <span class='ocrx_word' id='word_1_244' title='bbox 577 3480 690 3524; x_wconf 91' lang='lat' dir='ltr'><strong>eorum</strong></span> <span class='ocrx_word' id='word_1_245' title='bbox 718 3462 932 3546; x_wconf 84' lang='lat' dir='ltr'><strong>principibus,</strong></span> <span class='ocrx_word' id='word_1_246' title='bbox 961 3483 1099 3545; x_wconf 91' lang='lat' dir='ltr'><strong>quorum</strong></span> <span class='ocrx_word' id='word_1_247' title='bbox 1127 3481 1216 3542; x_wconf 89' lang='lat' dir='ltr'><strong>mag-</strong></span> 
     </span>
     <span class='ocr_line' id='line_1_35' title="bbox 155 3558 1214 3640; baseline 0.002 -21"><span class='ocrx_word' id='word_1_248' title='bbox 155 3578 230 3619; x_wconf 93' lang='lat' dir='ltr'><strong>nam</strong></span> <span class='ocrx_word' id='word_1_249' title='bbox 262 3559 389 3640; x_wconf 90' lang='lat' dir='ltr'><strong>copiam</strong></span> <span class='ocrx_word' id='word_1_250' title='bbox 414 3558 447 3620; x_wconf 93' lang='lat' dir='ltr'><strong>in</strong></span> <span class='ocrx_word' id='word_1_251' title='bbox 473 3558 591 3621; x_wconf 90' lang='lat' dir='ltr'><strong>castris</strong></span> <span class='ocrx_word' id='word_1_252' title='bbox 625 3560 778 3634; x_wconf 88' lang='lat' dir='ltr'><strong>habebat,</strong></span> <span class='ocrx_word' id='word_1_253' title='bbox 798 3561 886 3622; x_wconf 90' lang='lat' dir='ltr'><strong>-in</strong></span> <span class='ocrx_word' id='word_1_254' title='bbox 912 3561 963 3623; x_wconf 91' lang='lat' dir='ltr'><strong>his</strong></span> <span class='ocrx_word' id='word_1_255' title='bbox 989 3560 1156 3622; x_wconf 86' lang='lat' dir='ltr'><strong>Divitiaco</strong></span> <span class='ocrx_word' id='word_1_256' title='bbox 1180 3569 1214 3621; x_wconf 90' lang='lat' dir='ltr'><strong>et</strong></span> 
     </span>
    </p>

    <p class='ocr_par' dir='ltr' id='par_1_6' title="bbox 111 3656 1216 3835">
     <span class='ocr_line' id='line_1_36' title="bbox 111 3656 1216 3741; baseline 0.001 -25"><span class='ocrx_word' id='word_1_257' title='bbox 111 3656 264 3730; x_wconf 82' lang='lat' dir='ltr'><strong>35Lisc0,</strong></span> <span class='ocrx_word' id='word_1_258' title='bbox 298 3656 353 3737; x_wconf 92' lang='lat' dir='ltr'><strong>qui</strong></span> <span class='ocrx_word' id='word_1_259' title='bbox 386 3676 515 3719; x_wconf 93' lang='lat' dir='ltr'><strong>summo</strong></span> <span class='ocrx_word' id='word_1_260' title='bbox 552 3656 761 3737; x_wconf 86' lang='lat' dir='ltr'><strong>magistratui</strong></span> <span class='ocrx_word' id='word_1_261' title='bbox 795 3668 948 3738; x_wconf 88' lang='lat' dir='ltr'><strong>praeerat</strong></span> <span class='ocrx_word' id='word_1_262' title='bbox 979 3678 1083 3741; x_wconf 64' lang='lat' dir='ltr'><strong>quem,</strong></span> <span class='ocrx_word' id='word_1_263' title='bbox 1108 3678 1216 3739; x_wconf 81' lang='lat' dir='ltr'><strong>vergo-</strong></span> 
     </span>
     <span class='ocr_line' id='line_1_37' title="bbox 154 3751 1214 3835; baseline 0.003 -21"><span class='ocrx_word' id='word_1_264' title='bbox 154 3751 277 3816; x_wconf 79' lang='lat' dir='ltr'><strong>bretum</strong></span> <span class='ocrx_word' id='word_1_265' title='bbox 305 3751 474 3833; x_wconf 83' lang='lat' dir='ltr'><strong>appellant</strong></span> <span class='ocrx_word' id='word_1_266' title='bbox 504 3752 645 3828; x_wconf 88' lang='lat' dir='ltr'><strong>Haedui,</strong></span> <span class='ocrx_word' id='word_1_267' title='bbox 672 3753 728 3835; x_wconf 91' lang='lat' dir='ltr'><strong>qui</strong></span> <span class='ocrx_word' id='word_1_268' title='bbox 753 3764 1048 3828; x_wconf 67' lang='lat' dir='ltr'><strong>creatureannuus</strong></span> <span class='ocrx_word' id='word_1_269' title='bbox 1063 3764 1107 3817; x_wconf 83' lang='lat' dir='ltr'><strong>et</strong></span> <span class='ocrx_word' id='word_1_270' title='bbox 1124 3754 1214 3817; x_wconf 88' lang='lat' dir='ltr'><strong>vitae</strong></span> 
     </span>
    </p>
   </div>
   <div class='ocr_carea' id='block_1_3' title="bbox 654 3880 703 3966">
    <p class='ocr_par' dir='ltr' id='par_1_7' title="bbox 654 3880 703 3966">
     <span class='ocr_line' id='line_1_38' title="bbox 654 3880 703 3966; baseline 0 -36"><span class='ocrx_word' id='word_1_271' title='bbox 654 3880 703 3966; x_wconf 51' lang='lat' dir='ltr'><strong>&amp;q</strong></span> 
     </span>
    </p>
   </div>
   <div class='ocr_carea' id='block_1_4' title="bbox 0 0 1338 4159">
    <p class='ocr_par' dir='ltr' id='par_1_8' title="bbox 0 0 1338 4159">
     <span class='ocr_line' id='line_1_39' title="bbox 0 0 1338 4159; baseline 0 3"><span class='ocrx_word' id='word_1_272' title='bbox 0 0 1338 4159; x_wconf 95' lang='lat' dir='ltr'><strong> </strong></span> 
     </span>
    </p>
   </div>
  </div>
 </body>
</html>
