2667 4159
208 221 270 288 150
414 202 602 287 Attemptcd
613 140 779 287 Relief'iy
803 202 1042 288 Vercingetorix.
1132 204 1262 275 [CAESAR
1320 162 1321 171 i

205 399 419 463 dimissurum
446 396 730 480 oppugnationem
755 395 888 471 diceret,
914 397 1058 461 universi
1085 399 1127 462 ab
1150 421 1192 464 eo
1220 422 1263 465 ue

206 501 238 563 id
262 497 387 563 faceret
408 500 584 581 petebant:
611 494 704 561 ⁶‘sic
727 516 764 561 se
787 497 972 579 complures
988 520 1103 575 annos,
1121 500 1177 564 illo
1202 502 1264 565 im-

207 610 353 684 perante,
385 599 553 675 meruisse,
586 610 621 663 ut
656 598 780 663 nullam
815 599 1030 681 ignominiam
1061 601 1264 680 acciperent,

207 721 369 784 nusquam
393 697 517 763 infecta
537 721 572 764 re
590 700 821 777 discederent;
844 700 907 763 hoc
932 720 967 763 se
991 700 1195 782 ignominiae
1219 704 1265 765 la-

176 813 299 875 sturos
333 801 415 875 loco,
450 802 478 863 si
513 801 678 882 inceptam
714 800 995 884 oppugnationem
1030 802 1266 884 reliquissent:

206 900 396 984 6praestare
412 922 528 965 omnes
552 899 698 984 perferre
715 902 914 965 acerbitates
932 922 1031 985 quam
1049 922 1114 965 non
1134 903 1267 966 civibus

209 1002 380 1079 Romanis
399 1002 456 1086 qui
479 1002 607 1066 Genabi
629 1002 768 1085 perfidia
791 1001 961 1065 Gallorum
983 1002 1186 1079 interissent,
1208 1024 1267 1085 pa·

208 1102 395 1167 tentarent)
438 1103 531 1165 Haec
552 1104 665 1166 eadem
688 1101 938 1166 centurionibus
955 1102 1163 1185 tribunisque
1185 1103 1269 1165 mili·
1322 1140 1323 1189 l

209 1214 278 1267 tum
297 1204 508 1276 mandabant,
526 1214 561 1265 ut
578 1224 637 1285 per
653 1224 711 1265 eos
728 1203 769 1265 ad
788 1202 964 1266 Caesarem
982 1200 1200 1266 deferrentur.

163 1332 192 1368 ιο
257 1307 305 1367 18.
331 1302 415 1366 Cum
430 1304 506 1386 jam
525 1322 619 1365 muro
643 1315 752 1366 turres
777 1303 1106 1386 appropinquassent,
1124 1323 1165 1365 ex
1189 1324 1269 1385 cap-

137 1398 140 1402 ’
210 1404 287 1468 tivis
312 1404 434 1467 Caesar
457 1402 614 1484 cognovit
641 1403 962 1485 Vercingetorigem,
987 1415 1185 1485 consumpto
1211 1424 1269 1484 pa·
1322 1428 1323 1439 ¹

209 1506 295 1579 bulo,
309 1515 417 1568 castra
432 1504 575 1567 movisse
590 1505 725 1586 propius
743 1504 931 1579 Avaricum,
945 1489 1045 1587 atque
1061 1505 1168 1587 ipsum
1188 1525 1265 1567 cum

210 1606 358 1690 equitatu
385 1605 621 1687 expeditisque,
652 1604 708 1687 qui
738 1605 823 1668 inter
851 1604 979 1686 equites
1008 1603 1160 1688 proeliari
1188 1624 1269 1667 con-

211 1717 375 1780 suessent,
402 1705 596 1768 insidiarum
623 1724 723 1767 causa
749 1726 789 1769 eo
821 1704 1013 1786 profectum,
1042 1725 1105 1787 quo
1133 1714 1269 1767 nostros

164 1833 194 1887 15
212 1822 344 1891 postero
367 1806 420 1869 die
445 1806 635 1888 pabulatum
659 1817 819 1869 venturos
838 1806 1063 1869 arbitraretur.
1108 1802 1268 1887 ²Quibus
1323 1880 1324 1889 ἵ

212 1910 309 1971 rebus
327 1906 476 1987 cognitis
490 1906 598 1968 media
615 1918 713 1971 nocte
730 1907 861 1970 silentio
878 1903 1045 1988 proiectus
1061 1904 1103 1969 ad
1119 1905 1268 1967 hostium

212 2020 321 2072 castra
347 2027 443 2069 mane
471 2005 628 2087 pervenit.
675 2004 757 2083 3ΙΙΙί,
786 2006 937 2069 celeriter
959 2027 1018 2087 per
1041 2005 1268 2087 exploratores

212 2110 358 2171 adventu
387 2107 540 2170 Caesaris
568 2106 713 2188 cognito
738 2128 848 2170 carros
876 2106 1183 2188 impedimentaque
1209 2125 1269 2167 sua

213 2210 246 2271 in
284 2209 422 2271 artiores
461 2208 560 2270 silvas
600 2208 805 2283 abdiderunt,
837 2208 947 2289 copias
978 2228 1093 2269 omnes
1128 2206 1162 2267 in
1196 2205 1268 2268 loco
1324 2246 1325 2269 t

164 2346 195 2382 20
213 2310 304 2374 edito
320 2320 420 2390 atque
436 2318 552 2389 aperto
568 2307 804 2372 instruxerunt.
842 2305 942 2389 4Qua
959 2328 992 2369 re
1010 2305 1169 2379 nuntiata,
1186 2302 1269 2367 Cae·

214 2431 266 2475 sar
282 2409 433 2473 celeriter
449 2408 595 2471 sarcinas
612 2406 762 2482 conferri,
779 2427 870 2470 arma
886 2406 1031 2487 expediri
1049 2403 1156 2488 jussit.
1324 2416 1325 2419 ’

262 2530 310 2595 19.
337 2510 438 2575 Collis
462 2520 534 2573 erat
562 2509 681 2572 leniter
704 2509 746 2571 ab
773 2508 887 2570 infimo
911 2506 1053 2569 acclivis.
1102 2506 1206 2568 Hunc
1231 2526 1270 2567 ex

214 2611 367 2677 omnibus
383 2611 450 2676 fere
470 2610 618 2694 partibus
638 2610 733 2691 palus
750 2608 891 2671 difficilis
910 2620 1009 2689 atque
1029 2606 1187 2688 impedita
1204 2607 1271 2669 cin·

214 2719 322 2799 gebat,
342 2737 410 2779 non
433 2715 530 2777 latior
554 2712 694 2794 pedibus
711 2708 958 2791 quinquaginta
1004 2702 1104 2771 2Ι-Ιος
1122 2726 1159 2769 se
1175 2705 1269 2778 colle,

166 2842 196 2894 25
215 2819 410 2899 interruptis
426 2816 593 2898 pontibus,
612 2811 698 2875 Galli
715 2810 836 2872 fiducia
851 2808 914 2871 loci
930 2808 1155 2881 continebant,
1171 2826 1272 2888 gene-

216 2921 378 3001 ratimque
405 2916 572 2980 distributi
598 2916 630 2976 in
655 2912 815 2983 civitates,
833 2910 944 2972 omnia
964 2909 1048 2970 vada
1071 2928 1109 2971 ac
1132 2904 1270 2985 'rsaltus

216 3021 288 3102 ejus
314 3018 441 3100 paludis
465 3017 669 3087 obtinebant,
688 3014 733 3076 sic
751 3011 860 3075 animo
885 3009 989 3090 parati
1012 3020 1056 3082 ut,
1074 3008 1100 3070 si
1124 3028 1197 3070 eam
1217 3029 1270 3098 pa-

216 3123 325 3184 ludem
353 3117 493 3182 Romani
517 3134 731 3199 perrumpere
747 3120 953 3183 conarentur,
971 3108 1173 3171 haesitantes
1199 3128 1270 3187 pre-

217 3233 345 3284 merent
367 3242 407 3283 ex
429 3220 500 3282 loco
523 3217 712 3299 superiore:
738 3211 805 3283 ³ut.
822 3212 877 3295 qui
903 3208 1179 3293 propinquitatem
1208 3207 1268 3267 loci

169 3354 200 3404 30
218 3324 352 3394 videret,
369 3331 501 3402 paratos
525 3338 627 3400 prope
645 3336 750 3398 aequo
776 3316 884 3377 Marte
908 3312 948 3375 ad
972 3309 1196 3372 dimicandum
1218 3326 1270 3367 ex-

218 3425 399 3496 istimaret;
423 3420 479 3503 qui
503 3418 710 3500 iniquitatem
728 3414 930 3478 condicionis
953 3408 1162 3493 perspiceret,
1179 3406 1270 3468 inani

219 3523 427 3585 simulatione
454 3540 528 3584 sese
551 3529 720 3582 ostentare
743 3524 967 3598 cognosceret.
1025 3508 1268 3592 4Indignantes

220 3624 341 3686 milites
368 3622 497 3694 Caesar,
514 3621 600 3702 quod
623 3628 838 3697 conspectum
864 3634 959 3678 suum
979 3615 1092 3676 hostes
1115 3630 1174 3692 per
1187 3609 1269 3672 serre

220 3734 366 3805 possent,
380 3721 506 3784 tantulo
519 3720 626 3800 spatio
639 3718 821 3798 interjecto,
835 3727 866 3779 et
881 3714 1011 3795 signum
1031 3712 1145 3795 proelii
1159 3727 1269 3790 expos-

173 3840 202 3892 35
220 3834 344 3898 centes,
356 3824 472 3884 edocet
489 3832 611 3902 quanto
623 3820 821 3881 detrimento
834 3826 866 3879 et
883 3825 964 3897 quot
979 3814 1122 3876 virorum
1136 3809 1266 3874 fortium

222 3935 327 3990 morte
354 3941 489 3988 necesse
517 3920 560 3986 sit
586 3928 738 3986 constare
765 3916 959 3998 victoriam3
989 3911 1093 4004 ⁵quos
1122 3932 1194 3981 cum
1221 3906 1268 3971 sic
