2667 4159
47 213 78 263 Β,
94 213 129 263 G.
145 212 166 263 1,
181 210 241 281 49]
427 194 492 257 lee
514 194 645 257 Hostile
671 193 796 275 Camps.
1119 214 1155 276 31

1 443 2 469 ,
44 390 131 470 apud
157 409 197 451 se
222 390 258 450 in
283 388 404 451 castris
420 386 611 449 Ariovistus
629 386 870 467 conspexisset,
888 388 1038 451 exercitu
1055 410 1116 451 suo

1 476 2 529 l
43 497 229 567 praesente
254 485 513 551 conclamavit:
554 484 666 566 ‘Quid
705 486 746 546 ad
785 505 821 546 se
852 486 1033 548 venirent?
1070 508 1114 548 an

43 583 247 666 speculandi
279 581 423 646 causa?’
472 581 644 645 Conantes
675 581 786 645 dicere
813 582 992 663 prohibuit,
1017 594 1052 646 et
1080 584 1115 647 in

43 693 187 745 catenas
204 680 363 763 conjecit.

85 783 138 859 48.
168 780 304 842 Eodem
329 778 382 841 die
406 787 516 840 castra
539 777 716 859 promovit,
743 786 778 839 et
798 775 934 841 milibus
956 798 1114 860 passuum
1145 802 1158 854 5

1 952 2 955 Ἴ
42 898 101 940 sex
128 898 150 940 a
183 875 340 939 Caesaris
369 875 489 938 castris
514 876 577 937 sub
602 884 718 937 monte
742 875 903 939 consedit.
953 876 1116 939 Postridie

42 976 117 1056 ejus
143 974 218 1037 diei
251 982 385 1055 praeter
408 982 518 1037 castra
542 971 696 1035 Caesaris
721 992 797 1035 suas
821 972 934 1055 copias
959 974 1114 1048 traduxit,

9 1111 11 1120 =
42 1083 75 1135 et
102 1073 249 1134 milibus
275 1090 433 1153 passuum
459 1070 589 1133 duobus
619 1069 705 1132 ultra
729 1090 805 1132 eum
825 1079 936 1133 castra
959 1067 1050 1144 iecit,
1076 1090 1116 1133 eo

42 1170 203 1245 consiliu,
230 1168 280 1230 uti
310 1166 480 1231 frumento
503 1177 770 1249 commeatuque,
794 1167 850 1249 qui
877 1187 919 1230 ex
951 1167 1116 1250 Sequanis

43 1278 76 1329 et
122 1266 284 1329 Haeduis
331 1274 591 1347 supportaretur,
640 1264 819 1327 Caesarem
865 1265 1113 1329 intercluderet.
1132 1288 1161 1323 ιο

41 1363 119 1428 ²Ex
143 1384 189 1427 eo
215 1362 270 1425 die
294 1362 365 1425 dies
393 1362 570 1425 continuos
595 1362 743 1445 quinque
767 1362 892 1425 Caesar
913 1382 972 1445 pro
996 1364 1116 1426 castris

43 1484 123 1527 suas
159 1460 276 1544 copias
300 1458 465 1541 produxit,
490 1471 525 1522 et
556 1459 661 1523 aciem
693 1460 891 1530 instructam
916 1461 1042 1536 habuit,
1068 1471 1114 1537 ut,

3 1604 8 1613 -
43 1563 71 1624 si
88 1560 201 1623 vellet
225 1558 419 1620 Ariovistus
443 1557 570 1641 proelio
587 1558 801 1631 contendere,
819 1557 851 1619 ei
872 1554 1022 1639 potestas
1045 1579 1112 1622 non

42 1661 197 1722 deesset.
260 1653 475 1719 3Ariovistus
508 1655 559 1719 his
593 1655 749 1717 omnibus
780 1655 899 1717 diebus
930 1656 1114 1720 exercitum

43 1757 172 1821 castris
209 1753 388 1826 continuit,
420 1750 570 1836 equestri
608 1752 736 1835 proelio
775 1752 898 1815 cotidie
928 1755 1111 1818 contendit.
1130 1776 1158 1829 15

1 1876 2 1929 j
44 1856 171 1918 Genus
200 1852 360 1915 hocerat
387 1870 528 1933 pugnae,
546 1869 612 1933 quo
638 1868 677 1913 se
702 1848 862 1913 Germani
887 1863 1113 1916 exercuerant.

1 1936 2 2025 J
41 1951 241 2035 4Equitum
280 1948 372 2011 milia
408 1958 503 2012 erant
543 1968 609 2023 sex,
641 1947 784 2011 totidem
815 1967 955 2011 numero
985 1950 1115 2031 pedites

42 2047 260 2113 velocissimi
286 2068 326 2109 ac
356 2043 541 2125 fortissimi,
566 2068 650 2133 quos
682 2071 723 2112 ex
752 2048 845 2110 omni
871 2050 967 2131 copia
992 2049 1114 2130 singuli

45 2152 207 2235 singulos
240 2169 319 2212 suae
352 2146 468 2211 salutis
504 2166 605 2210 causa
634 2148 853 2230 delegerant:
890 2167 966 2211 cum
998 2148 1050 2209 his
1082 2150 1114 2211 in

1 2267 2 2291 l
45 2250 189 2331 proeliis
206 2248 435 2311 versabantur.
482 2240 561 2307 ὅΑά
586 2265 644 2309 eos
671 2266 707 2309 se
732 2246 862 2329 equites
889 2245 1160 2328 recipiebantzzo

45 2352 91 2430 hi,
111 2351 142 2415 si
168 2351 248 2435 quid
277 2360 349 2414 erat
377 2349 501 2427 durius,
527 2351 793 2429 concurrebant;
817 2351 844 2414 si
869 2352 934 2435 qui,
964 2352 1115 2435 graviore

46 2451 192 2513 vulnere
223 2460 374 2533 accept0,
406 2470 492 2533 equo
522 2450 702 2525 deciderat,
735 2450 1047 2525 circumsistebant,
1086 2450 1113 2512 si

46 2570 115 2630 quo
149 2558 222 2611 erat
254 2548 388 2629 longius
419 2548 659 2630 prodeundum,
692 2557 749 2611 aut
782 2547 923 2612 celerius
956 2548 1115 2629 recipien-

1 2682 4 2692 ν
46 2647 141 2719 dum,
167 2655 265 2709 tanta
288 2655 357 2707 erat
382 2645 500 2708 horum
524 2644 762 2709 exercitatione
785 2646 948 2722 celeritaS,
967 2655 1003 2708 ut
1026 2644 1114 2725 jubis

46 2765 216 2827 equorum
235 2744 400 2807 sublevati
416 2730 550 2806 cursum
568 2744 801 2828 adaequarent.
1127 2764 1157 2816 25

92 2860 147 2924 49.
174 2842 247 2906 Ubi
272 2862 347 2904 eum
376 2842 552 2904 castrisue
580 2850 698 2905 tenere
720 2842 844 2907 Caesar
869 2840 1044 2915 intellexit,
1071 2860 1113 2902 ne

45 2940 178 3003 diutius
204 2939 393 3003 commeatu
419 2938 660 3020 prohiberetur,
685 2941 771 3002 ultra
801 2959 875 3002 eum
904 2939 1023 3012 locum,
1049 2957 1114 3018 quo

46 3038 81 3099 in
109 3039 188 3101 loco
207 3037 366 3101 Germani
383 3038 613 3113 consederant,
634 3038 767 3101 circiter
792 3059 911 3119 passus
936 3048 1113 3101 sexcentos

46 3136 90 3198 ab
120 3136 171 3210 iis,
198 3135 320 3198 castris
342 3135 500 3199 idoneum
528 3135 636 3199 locum
665 3136 800 3217 delegit,
829 3136 966 3216 acieque
991 3135 1114 3216 triplici

46 3234 222 3299 instructa
238 3233 279 3295 ad
302 3252 378 3296 eum
404 3233 514 3297 locum
530 3233 631 3296 venit.
679 3230 846 3295 2Primam
873 3245 906 3296 et
932 3233 1113 3297 secundam
1128 3255 1160 3303 30
1207 3312 1210 3318 ,

1 3408 3 3422 .
45 3331 158 3393 aciem
177 3330 329 3393 inarmis
354 3350 437 3406 esse,
456 3331 589 3393 tertiam
608 3341 718 3393 castra
739 3331 868 3393 munire
890 3330 996 3411 jussit.
1047 3330 1114 3392 Hie

45 3428 145 3491 locus
178 3427 220 3490 ab
251 3428 349 3490 hoste
380 3427 514 3492 circiter
545 3449 663 3509 passus
695 3438 880 3500 sexcentos,
907 3428 956 3490 uti
987 3428 1113 3489 dictum

45 3536 114 3601 est,
148 3526 275 3589 aberat.
338 3526 388 3587 Eo
419 3512 554 3589 circiter
591 3525 764 3589 hominum
797 3544 937 3588 numero
968 3524 1113 3586 sedecim

45 3623 143 3686 milia
177 3621 332 3703 expedita
363 3643 437 3685 cum
469 3623 560 3685 omni
599 3622 750 3704 equitatu
781 3622 975 3684 Ariovistus
1012 3620 1113 3693 misit,

33 3742 137 3802 ,quae
155 3720 272 3801 copiae
289 3730 421 3783 nostros
447 3719 673 3802 perterrerent
701 3731 734 3783 et
763 3720 948 3782 munitione
965 3718 1115 3799 prohibe·
1127 3738 1157 3789 35

45 3828 134 3881 rent.
175 3812 347 3880 '³Nihilo
391 3819 498 3881 secius
532 3817 662 3891 Caesar,
696 3828 731 3879 ut
767 3828 846 3879 ante
885 3814 1112 3886 constituerat,

166 3942 303 4135 tua
