2667 4159
798 3 822 38 Q

955 94 978 121 ἢ

60 204 82 257 n.
94 206 122 258 G.
136 202 155 257 l.
168 204 224 275 45.]
252 186 365 253 Ccesar
384 198 504 251 asseris
528 186 581 250 tlte
607 187 733 251 Claims
756 187 795 268 os
813 185 923 247 Rome.
1104 200 1148 267 29

60 382 218 461 Nunquam
247 391 328 443 ante
359 382 422 444 boc
447 390 582 462 tempus
607 380 789 442 exereitum
815 378 929 460 populi
955 378 1100 442 Romani

60 480 167 541 Galliae
197 477 390 560 provinciae
421 480 544 541 finibus
577 498 759 559 egressum.
820 476 910 557 Quid
942 476 1005 538 sibi
1035 476 1101 538 vel-

59 577 112 637 let?
142 597 198 639 eur
228 577 262 637 in
295 596 373 639 suas
404 576 635 657 possessiones
666 574 819 636 veniret?
869 572 1100 637 ²Pr0vinciam

59 694 137 735 suam
167 675 253 737 hanc
285 693 359 737 esse
400 674 552 748 Galliam,
587 673 675 735 sieut
706 672 795 733 illam
828 682 984 735 nostram.
1051 673 1100 735 Ut

59 770 110 850 ipsi
125 771 259 833 concedi
276 791 343 833 non
361 781 540 853 oporteret,
560 770 586 832 si
611 770 643 831 in
670 779 804 832 nostros
827 771 912 832 lines
936 771 1099 851 impetum
1130 794 1143 844 5

58 864 175 942 laceret,
193 868 240 931 sie
263 868 345 930 item
369 889 431 930 nos
455 888 530 931 esse
555 868 696 950 iniquos,
715 868 801 949 quod
826 867 858 929 in
884 888 944 929 suo
967 869 1040 949 jure
1065 888 1101 931 se

60 966 341 1046 interpellaremus,
403 961 527 1048 ⁸Qu0d
558 962 679 1027 fratres
719 964 880 1027 Haeduos
915 965 1100 1047 appellatos

60 1064 178 1137 diceret,
202 1084 270 1125 non
296 1084 332 1125 se
357 1072 425 1125 tam
457 1063 633 1125 barbarum
667 1086 776 1147 neque
807 1073 877 1126 tam
908 1062 1099 1145 imperitum

61 1180 122 1223 esse
157 1182 275 1235 rerum,
309 1171 345 1223 ut
377 1181 445 1222 non
477 1160 578 1223 sciret
611 1183 719 1245 neque
758 1161 846 1224 bello
877 1160 1100 1240 Allobrogum

61 1258 191 1337 proximo
231 1258 393 1321 Haeduos
434 1258 597 1321 Romanis
636 1260 793 1323 auxilium
833 1260 961 1331 tulisse,
993 1278 1148 1339 nequem

61 1356 146 1435 ipsos,
162 1356 193 1417 in
211 1356 263 1417 his
280 1356 557 1421 contentionibus
581 1380 662 1442 quas
686 1357 821 1420 Haedui
844 1376 958 1419 secum
976 1365 1008 1417 et
1026 1374 1102 1417 cunr

63 1452 209 1534 Sequanis
233 1453 442 1530 habuissent,
467 1456 588 1519 auxilio
609 1456 723 1539 populi
748 1454 891 1517 Romani
916 1472 994 1515 usos
1018 1472 1103 1514 esse.

62 1548 200 1613 9Debere
249 1574 285 1616 se
333 1554 497 1637 suspicari
542 1555 698 1619 simulata
736 1553 914 1615 Caesarem
948 1550 1103 1623 amicitia,

62 1650 137 1733 quod
175 1653 358 1714 exercitum
398 1653 432 1715 in
473 1652 581 1717 Gallia
627 1652 758 1725 habeat,
798 1650 848 1711 sui
895 1648 1106 1730 opprimendi

63 1770 148 1812 causa
184 1748 314 1815 habere.
386 1750 453 1834 Qui
493 1751 557 1813 nisi
595 1750 745 1823 decedat,
784 1759 884 1829 atque
921 1746 1150 1817 exereitum15

62 1847 190 1913 deducat
217 1870 257 1911 ex
281 1849 333 1913 his
365 1849 568 1931 regionibus,
594 1868 668 1911 sese
696 1846 789 1908 illum
815 1866 881 1907 non
906 1865 964 1926 pro
988 1845 1106 1917 amice,

63 1946 239 2033 sednhoste
271 1946 471 2011 habiturum.
536 1943 671 2027 1⁰Quod
711 1944 738 2006 si
773 1964 848 2005 eurn
888 1939 1105 2014 interfecerit,

63 2044 164 2107 multis
195 2068 269 2112 sese
309 2044 477 2109 nobilibus
513 2042 786 2127 principibusque
817 2039 931 2120 populi
963 2038 1107 2101 Romani

64 2152 179 2221 gratum
204 2166 278 2210 esse
302 2142 492 2209 facturum:
517 2142 559 2204 id‘
578 2162 613 2204 se
637 2141 680 2202 ab
703 2139 784 2220 ipsis
807 2157 867 2217 per
889 2156 1004 2198 eorum
1028 2156 1110 2197 nun·

64 2237 119 2301 tios
141 2254 346 2326 compertum
370 2243 501 2315 habere,
520 2258 660 2323 quorum
680 2235 829 2299 omnium
849 2234 990 2314 gratiam
1007 2244 1108 2314 atque
1122 2253 1155 2287 20

66 2338 227 2404 amicitiam
268 2341 343 2423 ejus
382 2348 489 2401 morte
529 2336 693 2399 redimere
731 2341 853 2414 posset.
907 2328 931 2368 ¹¹
943 2330 1043 2411 Quod
1082 2328 1109 2389 si

70 2436 273 2513 discessisset,
292 2448 327 2501 et
348 2436 485 2499 liberam
508 2433 756 2517 possessionem
779 2428 906 2519 Galliae
930 2427 994 2489 sibi
1013 2427 1111 2517 tradi-
1158 2467 1176 2484 .

69 2533 169 2610 disset,
199 2556 323 2618 magno
362 2554 398 2597 se
434 2533 527 2595 illum
562 2529 711 2612 praemio
746 2534 1044 2598 remuneraturum,
1078 2535 1111 2585 et

68 2650 279 2716 quaecumque
310 2632 397 2695 bella
420 2630 491 2713 geri
515 2628 626 2702 vellet,
651 2626 725 2689 sine
752 2624 819 2687 ullo
843 2623 917 2703 ejus
940 2622 1052 2684 labore
1076 2631 1110 2683 et

68 2728 201 2805 periculo
217 2727 470 2793 coniecturum!
1125 2740 1155 2791 ²5

70 2824 148 2982 945.
181 2828 291 2891 Multa
306 2826 348 2893 ab
366 2826 510 2889 Caesare
534 2824 663 2885 ineam
690 2819 894 2884 sententiam
917 2817 1110 2889 dictasunt,

68 2940 154 3001 qtare
177 2924 313 3007 negotio
337 2923 500 2986 desistere
524 2942 590 2984 non
619 2926 758 3002 posset;
789 2925 822 2979 et
849 2916 987 2996 ‘Neque
1019 2934 1112 2975 suam
1168 2958 1181 2973 κ

69 3038 164 3101 neque
187 3022 299 3104 populi
325 3020 469 3084 Romani
502 3017 781 3082 consuetudinem
811 3013 889 3095 pati,
915 3013 963 3073 uti
988 3011 1114 3092 optime
1160 3042 1164 3045 ·

69 3129 223 3182 merentes
254 3118 365 3182 socios
396 3099 575 3190 hereret,
602 3133 712 3196 neque
736 3133 773 3175 se
798 3111 946 3192 judicare
970 3107 1113 3170 Galliam

70 3214 169 3290 potius
198 3237 273 3279 esse
305 3215 470 3278 Ariovisti
505 3233 602 3295 quam
639 3210 753 3294 populi
787 3207 940 3272 Romani.
1001 3202 1115 3267 ²Bello
1129 3226 1160 3274 30

71 3323 229 3390 superatos
269 3334 345 3377 esse
384 3280 633 3391 arvernosl'er,
670 3310 825 3397 Rutenos
863 3305 904 3367 ab
936 3303 977 3384 Q.
1012 3302 1116 3363 Fabio

73 3405 215 3484 Maxime,
243 3411 365 3493 quibus
397 3400 746 3490 populu's„ldonranus
778 3402 975 3485 ignovisset,
1007 3419 1117 3479 neque

72 3501 101 3562 in
145 3508 344 3587 provinciam
390 3507 584 3587 redegisset,
625 3522 735 3585 neque
774 3498 978 3582 stipendium
1017 3497 1118 3577 impo-

75 3600 193 3666 suisset.
256 3602 375 3687 3Quod
415 3604 443 3666 si
481 3601 752 3685 antiquissimum
792 3597 947 3680 quodque
985 3603 1118 3673 tempus

77 3702 207 3775 spectari
229 3713 407 3785 oporteret,
433 3701 545 3783 populi
571 3698 716 3761 Romani
739 3694 961 3778 justissimum
986 3710 1060 3753 esse
1084 3689 1119 3751 in
1132 3710 1162 3761 35

80 3790 176 3858 Gallia
204 3799 397 3882 imperium;
428 3799 455 3861 si
485 3797 647 3880 judicium
673 3804 810 3857 senatus
835 3787 1005 3853 observari
1029 3805 1120 3864 opor-
