2667 4159
18 814 33 840 b

238 182 281 266 98
516 181 643 245 Second
653 182 811 246 Invasion
827 182 869 265 os
877 180 1023 247 Britain.
1165 178 1280 251 [CF-SAR

237 375 392 459 gionibus
423 374 543 459 quibus
575 397 635 439 nos
666 375 729 439 iter
758 374 904 439 facturos
936 386 1137 457 cognoverat
1172 397 1282 459 pecora

238 489 337 560 atque
361 477 512 540 homines
528 498 569 539 ex
584 477 671 559 agris
696 477 729 539 in
750 477 847 539 silvas
871 476 1111 558 compellebat;
1135 474 1192 540 ²et
1215 498 1281 540 cum

237 580 404 661 equitatus
433 587 546 640 noster
577 578 710 640 liberius
742 577 921 659 praedandi
949 577 1166 660 vastandique
1192 598 1282 641 causa

237 699 273 742 se
297 679 329 740 in
350 699 446 759 agros
465 678 617 760 ejecerat,
634 678 788 741 omnibus
806 679 866 741 viis
890 678 1085 762 semitisque
1106 680 1282 743 essedarios

203 808 217 861 5
237 801 277 843 ex
296 779 387 842 silvis
411 778 585 862 emittebat
598 800 605 856 ;
629 789 663 843 et
687 800 808 861 magno
832 800 906 843 curn
932 778 1076 861 periculo
1101 790 1281 843 nostrorum

236 880 384 963 equitum
404 900 478 942 curn
503 879 543 942 iis
564 880 775 961 confligebat,
793 890 891 963 atque
915 881 978 943 hoc
1002 864 1092 943 metu
1117 880 1216 945 latius
1233 902 1283 943 va·

236 981 305 1063 gari
329 981 532 1063 prohibebat.
579 978 868 1063 ³Relinquebatur
893 992 927 1043 ut
956 1002 1063 1063 neque
1092 980 1224 1063 longius
1248 983 1284 1044 ab

235 1082 367 1163 agmine
387 1080 553 1161 legionum
569 1080 693 1143 discedi
714 1081 835 1145 Caesar
854 1092 1030 1163 pateretur,
1047 1092 1080 1145 et
1101 1092 1231 1145 tantum
1255 1082 1283 1144 in

235 1183 323 1263 agris
347 1181 515 1244 vastandis
538 1180 766 1264 incendiisque
790 1180 950 1245 faciendis
978 1181 1131 1245 hostibus
1156 1204 1283 1247 nocere-

188 1312 217 1348 ιο
236 1293 298 1357 tur,
314 1293 473 1366 quantum
497 1280 609 1345 labore
625 1294 724 1365 atque
748 1280 865 1345 itinere
888 1282 1061 1365 legionarii
1085 1283 1205 1347 milites
1221 1283 1283 1347 effi-

235 1405 309 1447 cere
324 1393 487 1465 poterant.
1089 1395 1091 1399 ’

279 1503 330 1549 20.
358 1484 494 1547 Interim
520 1483 752 1561 Trinobantes,
770 1504 872 1566 prope
896 1483 1084 1547 firmissima
1104 1504 1215 1547 earum
1238 1506 1281 1548 re-

234 1586 370 1669 gionum
394 1584 519 1660 civitas
538 1605 579 1648 ex
602 1606 667 1667 qua
692 1585 950 1649 Mandubracius
974 1585 1179 1661 adulescens,
1204 1586 1282 1648 Cae·

234 1688 316 1751 saris
344 1688 442 1750 fidem
471 1697 615 1761 secutus
644 1687 685 1749 ad
717 1708 792 1749 eum
825 1687 858 1748 in
886 1686 1112 1750 continentem
1147 1685 1281 1749 Galliam

186 1789 537 1871 15venerat,—cujus
561 1799 655 1871 pater
679 1787 937 1873 [Imanuentius]
961 1786 993 1849 in
1013 1808 1052 1849 ea
1068 1786 1202 1849 civitate
1220 1808 1283 1869 reg·

233 1915 313 1956 num
327 1892 523 1967 obtinuerat,
537 1887 799 1975 interfectusque
811 1901 880 1953 erat
897 1911 917 1952 a
930 1887 1178 1953 Cassivellauno
1193 1908 1199 1963 ;
1216 1888 1281 1970 ipse

232 1992 313 2077 iuga
336 2006 475 2059 mortem
499 1993 862 2077 vitaverat—legatos
886 1993 927 2054 ad
945 1992 1120 2055 Caesarem
1139 1990 1279 2064 mittunt,

232 2098 493 2181 pollicenturque
509 2120 582 2161 sese
598 2099 628 2162 ei
644 2097 816 2162 dedituros
833 2110 930 2177 atque
947 2098 1106 2180 imperata
1123 2094 1280 2161 facturos:

231 2194 373 2280 ²petunt
386 2210 422 2263 ut
436 2200 710 2263 Mandubracium
728 2200 769 2262 ab
787 2199 905 2282 injuria
919 2198 1158 2261 Cassivellauni
1171 2196 1279 2260 delen-

184 2321 214 2357 κο
232 2300 298 2376 dat,
315 2311 413 2383 atque
434 2300 468 2362 in
491 2300 656 2363 civitatem
681 2300 799 2373 mittat,
818 2298 874 2382 qui
898 2298 1019 2381 praesit
1044 2298 1280 2381 imperiumque

232 2401 388 2465 obtineat.
434 2400 521 2465 3llis
546 2401 668 2465 Caesar
691 2400 831 2483 imperat
855 2399 986 2463 obsides
1004 2417 1049 2461 xc
1065 2396 1280 2461 frumentum-

232 2523 297 2584 que
330 2502 494 2578 exercitui,
531 2502 872 2583 Mandubraciumque
906 2501 946 2563 ad
981 2521 1038 2563 eos
1073 2499 1184 2563 mittit.
1233 2498 1281 2560 llli

232 2601 391 2684 imperata
417 2604 568 2667 celeriter
598 2600 756 2678 fecerunt,
784 2602 914 2665 obsides
942 2601 984 2663 ad
1016 2620 1189 2663 numerum
1219 2597 1280 2662 sru-

233 2716 446 2786 mentumque
462 2704 632 2767 miserunt.

183 2823 214 2875 25
276 2822 324 2868 21.
350 2805 610 2867 Trinobantibus
641 2802 785 2867 defensis
817 2808 917 2886 atque
943 2803 985 2865 ab
1016 2799 1106 2865 omni
1139 2800 1278 2863 militum

231 2904 351 2986 injuria
373 2905 555 2986 prohibitis,
588 2904 688 2978 lcani,
722 2903 836 2985 Cangi‚
872 2903 1073 2984 Segontiaci‚
1098 2902 1279 2973 Ancalites,

233 3005 373 3079 Bibroci,
392 3006 495 3080 Cassi,
512 3004 732 3086 legationibus
753 3004 869 3078 missis,
887 3024 961 3067 sese
987 3003 1122 3068 Caesari
1143 3002 1278 3065 dedunt.
1321 3019 1322 3022 ’

231 3106 289 3167 Ab
312 3106 363 3169 his
380 3106 562 3187 cognoscit,
578 3126 644 3168 non
668 3103 768 3185 longe
787 3126 884 3168 exeo
907 3102 979 3167 loco
996 3104 1153 3185 oppidum
1173 3102 1278 3166 Cassi·

231 3206 373 3269 vellauni
397 3206 523 3280 abesse,
543 3205 633 3269 silvis
657 3204 896 3289 paludibusque
921 3203 1093 3277 munitum,
1111 3224 1177 3287 quo
1200 3203 1278 3264 satis

180 3330 213 3380 30
232 3328 371 3387 magnus
387 3306 556 3369 hominum
577 3305 772 3388 pecorisque
788 3326 943 3369 numerus
957 3304 1159 3369 convenerit.
1190 3299 1279 3383 2Op-

231 3408 343 3488 pidum
361 3418 471 3469 autem
489 3406 638 3469 Britanni
653 3417 783 3482 vocant,
797 3428 872 3470 curn
889 3407 988 3469 silvas
1006 3405 1181 3486 impeditas
1196 3394 1292 3465 vallo*

231 3517 331 3590 atque
353 3507 443 3571 iossa
469 3510 668 3581 munierunt,
686 3528 751 3588 quo
779 3507 977 3570 incursionis
1004 3506 1149 3568 hostium
1177 3504 1279 3566 vitan-

230 3608 292 3670 dae
322 3629 421 3670 causa
462 3611 638 3671 convenire
680 3618 889 3671 consuerunt.
950 3604 1022 3669 8Eo
1063 3605 1280 3687 proficiscitur

231 3728 305 3769 cum
336 3707 542 3788 legionibus;
583 3707 690 3769 locum
719 3708 839 3789 reperit
872 3707 1004 3789 egregie
1035 3718 1155 3769 natura
1184 3709 1279 3787 atque

182 3819 212 3874 35
232 3827 330 3886 opere
353 3810 538 3881 munitum;
570 3817 680 3870 tamen
713 3808 801 3870 hunc
829 3809 956 3871 duabus
985 3829 1023 3871 ex
1051 3808 1198 3888 partibus
1225 3826 1277 3885 op-

232 3927 378 3986 pugnare
409 3908 592 3969 contendit.
655 3908 780 3971 Hostes
808 3908 972 3990 paulisper
1000 3907 1116 3969 morati
1141 3905 1277 3969 militum
