2667 4159
69 180 100 230 B.
115 180 151 231 G.
168 180 192 232 Ι.
210 180 267 249 35]
343 167 413 229 His
434 162 595 251 Haugllty
617 168 723 249 Reply
745 178 777 229 to
803 166 917 231 Cresar.
1144 185 1180 231 21

68 370 320 439 saepenumero
343 379 363 422 a
386 369 507 422 senatu
527 359 724 441 appellatos,
742 359 776 421 in
793 358 958 422 servitute
983 368 1083 441 atque
1107 359 1141 422 in

67 456 206 519 dicione
227 457 364 519 videbat
390 457 634 519 Germanorum
658 456 775 531 teneri,
801 476 983 540 eorumque
1008 457 1141 520 obsides

67 574 147 617 esse
172 555 265 636 apud
289 554 498 617 Ariovistum
523 574 562 617 ac
587 554 762 637 Sequanos
785 554 1026 637 intellegebat3
1052 555 1141 637 quod

68 653 102 713 in
131 662 237 715 tanto
265 652 405 733 imperio
433 651 548 733 populi
578 652 723 715 Romani
751 650 982 733 turpissimum
1011 652 1075 715 sibi
1107 662 1141 715 et

67 749 282 831 reipublicae
309 770 385 812 esse
412 749 643 813 arbitrabatur.
701 746 888 812 ³Paulatim
919 760 1033 813 autem
1062 749 1143 813 Ger·
1171 771 1185 824 5
1250 748 1258 766 ⁴

68 868 195 909 manos
227 866 451 910 consuescere
484 848 644 910 Rhenum
676 847 829 922 transire,
861 855 896 910 et
930 847 965 911 in
998 845 1140 910 Galliam

68 965 235 1027 magnam
263 964 378 1007 eorum
407 944 658 1008 multitudinem
685 944 808 1019 venire,
827 944 959 1026 populo
987 945 1141 1008 Romano

68 1041 304 1122 periculosum
340 1042 496 1119 videbat3
540 1061 649 1123 neque
685 1041 749 1105 sibi
787 1042 941 1105 homines
975 1039 1065 1105 feros
1102 1062 1141 1106 ac

68 1140 238 1203 barbaros
265 1148 513 1220 temperaturos
539 1138 762 1213 existimabat,
788 1140 878 1221 quin,
905 1160 980 1203 cum
1006 1159 1140 1201 omnem

69 1237 223 1299 Galliam
263 1236 530 1317 occupavissent,
571 1246 608 1299 ut
646 1246 726 1300 ante
766 1236 893 1299 Cimbri
927 1237 1141 1319 Teutonique
1156 1260 1187 1294 ιο

68 1332 251 1407 fecissent,
274 1332 308 1395 in
333 1334 538 1415 provinciam
561 1334 701 1408 exirent,
724 1344 824 1415 atque
847 1334 926 1397 inde
949 1334 983 1396 in
1008 1333 1141 1397 Italiam

69 1433 347 1507 contenderent,
379 1428 600 1512 4praesertim
626 1452 702 1494 cum
730 1432 905 1514 Sequanos
930 1452 950 1493 a
971 1431 1142 1513 provincia

70 1540 195 1593 nostra
223 1528 412 1591 Rhodanus
443 1527 627 1593 divideret:
662 1529 783 1611 quibus
815 1530 915 1593 rebus
946 1550 1044 1611 quam
1076 1549 1142 1591 ma-

70 1627 218 1690 turrime
242 1627 486 1689 occurrendum
511 1622 660 1707 putabat.
710 1626 787 1708 Ipse
810 1633 923 1689 autent
948 1626 1141 1689 Ariovistus

70 1742 194 1794 tantos
217 1730 281 1793 sibi
306 1730 453 1811 spiritus,
478 1740 607 1793 tantam
633 1730 857 1811 arrogantiam
881 1739 1079 1812 sumpserat,
1104 1741 1140 1793 ut
1156 1752 1185 1805 ις

70 1827 238 1893 ferendus
256 1848 324 1890 non
341 1827 519 1890 videretur,
1176 1908 1179 1912 7

121 1944 174 2006 34.
209 1925 437 2007 Quamobrem
462 1924 587 2006 placuit
609 1925 648 1999 ei,
668 1934 704 1987 nt
720 1925 760 1986 ad
778 1924 987 1987 Ariovistum
1011 1924 1142 2007 legatos

75 2026 240 2098 mitteret,
273 2022 406 2104 qui'ab
440 2042 479 2085 eo
513 2022 733 2104 postularent,
770 2022 818 2084 uti
851 2022 995 2104 aliquem
1030 2022 1141 2086 locum
1261 2022 1265 2030 '

76 2121 228 2184 medium
259 2120 432 2201 utriusque
463 2120 640 2203 conoquio
665 2118 850 2200 deligeret:
884 2120 969 2192 veile
998 2139 1072 2183 sese
1100 2120 1142 2182 de

75 2240 113 2281 re
142 2217 277 2299 publica
302 2227 336 2281 et
361 2217 503 2297 summis
571 2217 707 2299 riusque
734 2217 834 2279 rebus
861 2237 937 2279 cum
965 2237 1005 2280 eo
1030 2236 1139 2298 agere.
1155 2239 1188 2274 20
1253 2241 1259 2255 ·

76 2314 145 2378 2Ei
177 2314 340 2397 legationi
372 2314 564 2377 Ariovistus
596 2314 791 2394 respondit:
831 2314 888 2376 ‘Si
919 2314 998 2396 quid
1029 2314 1093 2395 ipsi
1123 2334 1143 2376 a

79 2414 226 2476 Caesare
240 2432 334 2493 opus
358 2400 459 2485 esset,
485 2431 559 2475 sese
583 2412 624 2473 ad
648 2409 725 2474 eum
748 2421 936 2476 venturum.
956 2409 1083 2487 fuisse;
1114 2412 1142 2473 si

79 2511 159 2592 quid
183 2510 240 2573 ille
265 2530 301 2573 se
325 2509 416 2583 velit,
442 2507 534 2570 illum
558 2510 599 2575 ad
623 2528 659 2571 se
676 2508 790 2571 venire
814 2519 987 2591 oportere.
1024 2503 1141 2571 8Prae-

80 2618 174 2671 terea
207 2628 243 2670 se
275 2626 386 2687 neque
419 2606 492 2669 sine
526 2626 544 2668 e
606 2606 676 2668 citu
709 2606 742 2667 iu
778 2626 796 2668 e
868 2616 981 2710 partes
1014 2606 1142 2669 Galliae

47 2741 54 2757 ·
80 2706 197 2768 venire
227 2705 360 2778 audere,
387 2724 491 2785 quas
502 2703 551 2766 Ca
622 2764 625 2769 ,
657 2703 853 2784 possidere,
883 2724 991 2784 neque
1013 2704 1143 2767 exerci
1156 2726 1186 2777 ²5

80 2813 152 2865 tum
179 2802 253 2865 sine
276 2792 400 2883 ma'gno
423 2821 462 2863 co
636 2810 738 2881 atque
761 2801 957 2863 molimento
980 2800 1142 2863 insanum

80 2900 191 2963 locum
217 2898 418 2963 contrahere
445 2919 505 2979 pos
662 2898 708 2959 ibi
738 2907 851 2960 autem
883 2897 1002 2960 mirum
1026 2898 1140 2973 videri,

80 2997 192 3079 quid
184 3018 218 3059 m
244 3017 303 3059 sua
328 2994 445 3069 Gallia,
463 3015 527 3076 qua
654 2995 835 3071 ovicisset,
852 3006 910 3057 aut
919 2991 1063 3061 Caesari
1074 3006 1142 3098 aut
1253 3076 1256 3083 .

80 3115 219 3157 omnmo
236 3092 360 3175 populo
378 3093 570 3156 Romanon
639 3093 677 3155 tu
694 3092 804 3157 esset
871 3107 1022 3177 5
1154 3139 1158 3150 2
1165 3071 1288 3185 ἦκ’),

127 3206 178 3271 55.
210 3191 277 3253 His
308 3190 481 3271 responsis
511 3191 552 3252 ad
585 3190 764 3253 Caesarem
794 3190 917 3264 relatis
950 3191 1071 3255 iterum
1102 3172 1143 3255 ad
1157 3215 1189 3264 30

82 3310 158 3353 eum
191 3288 317 3352 Caesar
340 3288 470 3370 legatos
494 3308 569 3351 cum
602 3288 653 3350 his
686 3289 852 3351 mandatis
876 3278 1000 3354 mittit:
1038 3291 1145 3371 ‘Qu-o

82 3388 173 3449 niam
196 3397 293 3449 tanto
318 3406 379 3449 suo
403 3385 583 3466 populique
608 3386 752 3448 Romani
784 3386 948 3449 beneficio
979 3384 1142 3463 adlectus,
1168 3406 1172 3414 ’

82 3504 157 3547 cum
177 3484 211 3545 in
228 3483 406 3547 consulatu
428 3503 488 3545 suo
503 3490 571 3560 ‚real
591 3493 691 3565 atque
712 3482 839 3556 amicus
856 3506 875 3546 a
891 3495 1011 3547 senatu
1035 3486 1144 3566 appel-

82 3581 173 3643 latus
212 3590 315 3654 esset,
353 3581 440 3643 hanc
478 3580 541 3643 sibi
580 3581 769 3667 populoque
809 3583 962 3644 Romano
1001 3583 1142 3664 gratiam

84 3676 234 3751 referret,
259 3689 296 3740 ut
320 3677 354 3739 in
379 3676 590 3758 conloquium
616 3677 731 3758 venire
755 3677 916 3741 invitatus
939 3679 1187 3759 gravaretur,‚35

85 3788 195 3857 neque
212 3774 252 3837 de
275 3774 445 3839 communi
467 3793 502 3836 re
525 3774 714 3837 dicendum·
728 3776 791 3838 sibi
815 3787 849 3838 et
873 3770 1143 3858 cognoscendum

1277 614 1285 646 l
