2667 4159
189 157 248 218 168
456 151 563 217 caesar
574 154 702 235 appeals
718 164 749 216 lo
764 154 817 216 tlte
831 155 949 217 AEduz'.
1110 153 1238 223 [CAESAR

185 348 336 412 hostibus
368 347 566 429 exploratam
598 345 768 408 victoriam
800 345 989 421 dimisisset,
1020 368 1063 410 ne
1098 369 1240 430 parvum

185 451 283 512 modo
307 448 542 511 detrimentum
571 446 604 508 in
629 445 845 508 contentione
868 457 1003 529 propter
1025 448 1240 531 iniquitatem

184 549 247 613 loci
272 549 442 613 accideret.
488 544 646 630 ³Quanto
663 567 762 628 opere
781 567 893 610 eorum
910 547 1013 610 animi
1037 551 1242 634 magnitudi-

186 671 260 712 nem
285 649 509 722 admiraretur,
531 667 613 730 quos
637 667 704 709 non
728 657 910 710 castrorum
935 650 1146 725 munitiones,
1172 673 1242 713 non
1318 708 1319 713 ,

154 751 323 824 saltitudo
351 751 482 824 montis
512 770 577 811 non
607 769 720 810 murus
748 749 860 830 oppidi
892 752 1022 813 tardare
1053 752 1244 833 potuisset:

186 862 278 915 tanto
316 871 415 933 opere
451 849 619 913 licentiam
658 849 945 933 arrogantiamque
985 852 1242 933 reprehendere,

185 953 272 1034 quod
296 951 369 1033 plus
387 971 422 1013 se
440 971 536 1033 quam
561 949 791 1031 imperatorem
817 951 858 1012 de
874 952 1012 1014 victoria
1030 963 1132 1034 atque
1149 953 1244 1015 exitu

186 1073 295 1115 rerum
326 1052 450 1115 sentire
480 1051 725 1113 existimarent:
761 1071 822 1114 nec
853 1052 964 1115 minus
996 1073 1031 1115 se
1061 1054 1103 1115 ab
1134 1053 1245 1116 milite
1319 1070 1320 1079 ¹

186 1152 380 1216 modestiam
401 1162 434 1214 et
457 1151 696 1213 continentiam
716 1172 815 1234 quam
838 1153 993 1216 virtutem
1014 1165 1113 1235 atque
1138 1153 1246 1216 animi

139 1294 168 1331 10
186 1253 447 1335 magnitudinem
464 1252 661 1314 desiderare.
1320 1320 1321 1341 ἶ

232 1370 279 1436 53.
308 1354 382 1416 Hac
406 1353 518 1414 habita
541 1352 705 1424 contione,
728 1363 762 1416 et
785 1355 826 1416 ad
851 1365 1030 1417 extremam
1055 1354 1245 1418 orationem

187 1454 389 1520 confirmatis
413 1454 580 1526 militibus,
597 1473 639 1514 ne
656 1453 698 1514 ob
724 1454 809 1517 hanc
829 1475 959 1517 causam
976 1456 1088 1517 animo
1112 1475 1248 1537 permo-
1320 1458 1321 1485 ³

187 1565 351 1630 verentur,
377 1576 449 1630 neu,
473 1554 560 1636 quod
588 1552 744 1634 iniquitas
773 1554 836 1617 loci
863 1555 1039 1629 attulisset,
1064 1555 1097 1616 id
1125 1555 1247 1618 virtuti

187 1657 333 1720 hostium
352 1655 554 1729 tribuerent;
579 1654 694 1715 eadem
712 1656 753 1716 de
769 1652 972 1734 profectione
988 1656 1140 1736 cogitans
1158 1676 1249 1737 quae
1321 1712 1322 1733 ,

142 1796 170 1847 15
188 1769 265 1820 ante
281 1767 437 1829 senserat,
452 1754 597 1835 legiones
615 1775 655 1816 ex
671 1755 787 1818 castris
801 1756 921 1829 eduxit,
934 1756 1104 1838 aciemque
1122 1756 1249 1819 idoneo
1321 1792 1322 1819 1

189 1860 261 1922 loco
288 1855 469 1918 constituit.
513 1850 621 1918 2Cum
655 1855 909 1937 Vercingetorix
940 1856 1043 1918 nihilo
1070 1856 1178 1936 magis
1213 1857 1249 1918 in

191 1979 328 2040 aequum
359 1956 466 2018 locum
490 1956 715 2031 descenderet,
741 1957 803 2019 levi
830 1955 918 2019 facto
945 1956 1092 2039 equestri
1119 1957 1249 2038 proelio

190 2070 289 2140 atque
305 2055 460 2130 secundo,
478 2055 510 2116 in
535 2069 642 2118 castra
664 2058 843 2119 exercitum
865 2058 1001 2120 reduxit.
1047 2054 1157 2119 ³Cum
1181 2057 1249 2120 hoc
1322 2126 1323 2129 Ἴ

190 2161 276 2222 idem
309 2167 440 2239 postero
468 2155 521 2218 die
554 2154 698 2232 lecisset,
726 2158 807 2219 satis
835 2159 877 2220 ad
909 2156 1068 2219 Gallicam
1097 2168 1251 2220 ostenta·

143 2298 173 2333 20
191 2263 314 2325 tionem
346 2261 556 2322 minuendam
596 2259 803 2340 militumque
837 2259 965 2320 animos
999 2258 1250 2321 confirmandos

191 2360 312 2426 factum
338 2362 538 2437 existimans,
558 2362 591 2423 in
618 2361 778 2422 Haeduos
802 2359 904 2420 movit
928 2368 1048 2420 castra.
1097 2359 1151 2420 Ne
1175 2370 1250 2421 tum

192 2463 323 2545 quidem
349 2463 506 2526 infecntis
531 2462 691 2534 hostibus,
717 2458 814 2521 tertio
835 2459 888 2520 die
912 2459 951 2520 ad
979 2457 1101 2520 flumen
1127 2459 1253 2522 Elaver

191 2576 310 2647 pontes
329 2565 441 2636 reficit,
459 2575 559 2645 atque
576 2562 755 2626 exercitum
772 2557 925 2621 traducit,

239 2680 285 2744 54.
311 2663 361 2726 Ibi
386 2664 630 2727 aViridomaro
648 2674 749 2743 atque
774 2659 999 2740 Eporedorige
1025 2659 1178 2722 Haeduis
1194 2681 1253 2742 ap

146 2797 175 2848 25
193 2766 341 2847 peilatus,
359 2765 465 2837 discit,
484 2786 556 2828 cum
578 2764 667 2826 omni
687 2761 836 2844 equitatu
864 2760 1049 2822 Litavicum
1067 2762 1108 2822 ad
1129 2760 1253 2823 sollici-

194 2866 312 2927 tandos
339 2865 495 2926 Haeduos
521 2863 722 2945 proiectum,
747 2882 829 2944 opus
846 2880 920 2922 esse
940 2859 1029 2940 ipsos
1049 2863 1253 2924 antecedere

194 2971 234 3032 ad
266 2972 523 3034 confirmandam
556 2973 731 3036 civitatem.
780 2969 880 3032 2Etsi
912 2968 1023 3030 multis
1054 2969 1120 3051 jam
1154 2972 1256 3037 rebns

195 3073 365 3152 perfidiam
389 3074 602 3137 Haeduorum
621 3084 826 3156 perspectam
846 3072 996 3145 habebat,
1014 3082 1113 3154 atque
1129 3072 1252 3135 horum

196 3173 345 3236 discessu
369 3175 568 3236 admaturari
595 3174 813 3238 defectionem
843 3172 988 3236 civitatis
1013 3171 1255 3249 existimabat;

150 3299 178 3349 30
197 3285 307 3337 tamen
339 3297 394 3337 eos
425 3277 615 3338 retinendos
647 3298 712 3338 non
747 3275 928 3349 constituit,
961 3291 1002 3334 ne
1031 3286 1090 3340 aut
1127 3275 1255 3345 inferre

196 3376 351 3457 injuriam
365 3379 537 3449 videretur,
550 3387 606 3440 aut
624 3379 701 3440 dare
714 3378 841 3439 timoris
855 3378 997 3458 aliquam
1013 3377 1251 3457 suspicionem.

196 3474 478 3541 3Discedentibus
502 3478 553 3539 his
579 3478 726 3540 breviter
738 3498 796 3539 sua
819 3478 850 3538 in
881 3478 1041 3540 Haeduos
1059 3476 1179 3540 merita
1194 3499 1253 3542 ex-

197 3579 307 3660 posuit
321 3599 327 3654 ;
352 3600 433 3660 quos
450 3589 482 3640 et
506 3599 603 3659 quam
628 3577 770 3640 humiles
793 3578 984 3658 accepisset,
1002 3575 1191 3659 compulsos
1216 3578 1252 3640 in

199 3679 328 3758 oppida,
346 3679 502 3740 multatos
527 3678 622 3757 agris
640 3678 794 3741 omnibus
818 3678 940 3759 ereptis
964 3679 1075 3758 copiis,
1093 3676 1254 3757 imposito

151 3787 180 3838 35
200 3779 371 3858 stipendio,
399 3778 568 3840 obsidibus
600 3798 727 3840 summa
758 3799 832 3841 cum
864 3777 1064 3841 contumelia
1090 3775 1253 3849 extortis;

199 3874 367 3960 4etquam
401 3878 432 3938 in
464 3876 627 3942 fortunam
659 3900 822 3967 quamque
853 3880 886 3946 iu
914 3877 1167 3966 amplitudinem
1194 3878 1253 3946 de·
1280 3889 1283 3896 '
