2667 4159
226 210 287 277 144
521 188 773 261 Coesarlzastens
788 197 857 261 into
875 195 972 261 Gaul.
1111 274 1115 279 ῃ
1151 198 1276 270 [CAESAR

220 389 324 475 ²Ejus
343 390 490 455 adventu
514 390 681 475 Bituriges
706 393 744 455 ad
771 392 929 457 Haeduos
946 392 1100 477 (quorum
1120 406 1219 459 erant
1244 396 1276 459 in

220 493 297 573 fide)
327 492 454 573 legatos
482 491 621 554 mittunt
649 492 833 555 subsidium
862 505 1023 575 rogatum,
1051 515 1116 577 quo
1143 492 1276 559 facilius

219 592 364 655 hostium
393 592 504 673 copias
527 592 692 655 sustinere
720 592 859 674 possint.
908 594 1041 657 Haedui
1068 595 1110 657 de
1133 596 1277 659 consilio

218 693 410 774 legatorum,
428 714 510 775 quos
536 692 657 756 Caesar
681 693 721 755 ad
745 693 926 757 exercitum
952 693 1137 777 reliquerat,
1159 696 1277 777 copias

170 811 183 864 5
218 793 385 874 equitatus
421 792 657 875 peditatusque
694 792 841 856 subsidio
880 793 1085 875 Biturigibus
1122 794 1276 859 mittunt.

215 890 306 975 ³Qui
325 895 457 955 eumad
482 892 604 956 flumen
631 892 777 975 Ligerim
793 892 973 968 venissent,
990 895 1078 977 quod
1103 894 1276 976 Bituriges

216 994 258 1056 ab
279 992 429 1055 Haeduis
445 992 570 1069 dividit,
588 1012 710 1074 paucos
726 992 796 1056 dies
816 993 861 1056 ibi
878 993 1005 1070 morati,
1022 1014 1129 1077 neque
1146 993 1276 1058 flumen

216 1093 356 1156 transire
389 1092 470 1167 ausi,
497 1092 630 1155 domum
665 1103 893 1169 revertuntur;
929 1094 1113 1177 legatisque
1148 1094 1275 1157 nostris

215 1190 415 1265 renuntiant,
428 1210 464 1253 se
480 1190 664 1272 Biturigum
682 1190 851 1271 perfidiam
867 1191 990 1255 veritos
1002 1191 1189 1267 revertisse,
1202 1192 1277 1274 qui-

167 1312 197 1348 10
215 1291 276 1355 bus
301 1290 334 1353 id
357 1290 484 1353 consilii
508 1288 610 1353 luisse
628 1292 855 1373 cognoverint,
871 1302 917 1366 ut,
934 1292 961 1354 si
985 1290 1108 1355 flumen
1133 1292 1276 1354 transis-

215 1400 300 1465 sent,
313 1410 379 1453 una
395 1411 435 1453 ex
451 1401 542 1471 parte
560 1390 630 1473 ipsi,
644 1391 748 1455 altera
764 1390 908 1455 Arverni
925 1412 961 1455 se
977 1391 1275 1456 circumsisterent.

213 1486 276 1551 qd
299 1508 381 1553 eane
404 1488 446 1553 de
467 1508 566 1552 causa
584 1510 683 1574 quam
707 1489 824 1571 legatis
849 1489 1112 1571 pronuntiarunt,
1129 1509 1169 1551 an
1197 1510 1275 1571 per-

214 1589 292 1653 fidia
306 1588 440 1652 adducti
456 1586 602 1663 fecerint,
619 1590 707 1672 quod
725 1588 806 1651 nihil
827 1590 923 1653 nobis
940 1599 1079 1663 constat,
1097 1610 1163 1652 non
1179 1590 1275 1652 vide-

215 1700 268 1751 tur
300 1710 359 1771 pro
393 1699 484 1752 certo
520 1709 593 1752 esse
627 1690 885 1771 proponendum.
948 1689 1122 1771 Bituriges,
1153 1709 1273 1753 eorum

166 1790 371 1864 15discessu,
395 1789 506 1853 statim
532 1810 606 1852 cum
631 1789 794 1853 Arvernis
818 1788 1012 1871 junguntur.
1161 1788 1162 1792 ’

256 1891 286 1954 6.
315 1890 378 1952 His
394 1890 493 1953 rebus
508 1890 540 1951 in
560 1889 688 1952 ltaliam
704 1890 836 1952 Caesari
854 1890 1024 1964 nuntiatis
1037 1909 1111 1951 cum
1128 1886 1198 1970 jam
1216 1890 1273 1954 ille

213 1990 357 2053 urbanas
380 2011 430 2053 res
454 1990 575 2053 virtute
600 1988 662 2053 Cn.
689 1989 835 2071 Pompeii
858 1989 1115 2052 commodiorem
1141 1988 1174 2051 in
1201 2001 1272 2053 sta-

212 2100 283 2153 tum
313 2090 504 2171 pervenisse
534 2090 749 2171 intellegeret,
778 2088 812 2151 in
843 2086 1093 2169 Transalpinam
1126 2088 1269 2153 Galliam

211 2188 380 2273 profectus
407 2202 467 2258 est.
525 2187 600 2254 ²Eo
630 2210 705 2253 cum
737 2190 891 2264 venisset,
921 2210 1040 2270 magna
1070 2188 1270 2253 difficultate

162 2318 195 2353 20
211 2292 423 2365 afficiebatur,
440 2313 506 2375 qua
529 2292 656 2354 ratione
676 2292 716 2353 ad
741 2290 919 2354 exercitum
944 2288 1116 2371 pervenire
1140 2301 1270 2371 posset.

210 2389 265 2455 3N
269 2414 321 2456 am
338 2394 365 2456 si
382 2394 529 2474 legiones
544 2392 578 2455 in
599 2390 803 2454 Provinciam
822 2399 1008 2465 arcesseret,
1026 2410 1062 2451 se
1078 2388 1218 2453 absente
1234 2390 1271 2452 in

210 2494 328 2556 itinere
352 2494 475 2575 proelio
491 2493 703 2555 dimicaturas
724 2490 954 2572 intellegebat:
978 2490 1006 2552 si
1030 2490 1101 2571 ipse
1116 2489 1158 2551 ad
1175 2510 1272 2552 exer-

211 2595 314 2656 citum
331 2595 556 2669 contenderet,
573 2614 615 2655 ne
637 2592 677 2655 iis
694 2590 827 2674 quidem
845 2611 884 2653 eo
909 2600 1057 2670 tempore
1081 2588 1138 2672 qui
1161 2589 1272 2672 quieti

210 2694 400 2756 viderentur
415 2714 508 2757 suam
525 2694 663 2756 salutem
683 2702 772 2755 recte
788 2689 951 2753 committi
968 2689 1109 2754 videbat.

163 2813 192 2867 25
255 2809 282 2873 7.
308 2794 445 2871 Interim
475 2793 650 2857 Lucterius
680 2790 860 2866 Cadurcus,
888 2789 920 2852 in
954 2790 1106 2851 Rutenos
1133 2790 1271 2867 missus,

210 2914 280 2956 eam
306 2894 474 2957 civitatem
499 2892 662 2957 Arvernis
685 2890 849 2955 conciliat.
897 2889 1095 2969 Progressus
1118 2888 1153 2951 in
1179 2890 1272 2953 Niti-

209 2994 341 3074 obriges
357 3004 390 3056 et
408 2993 560 3067 Gabalos,
573 2994 615 3060 ab
631 2993 779 3076 utrisque
795 2990 928 3053 obsides
944 2988 1074 3069 accipit,
1087 2997 1129 3063 et,
1143 3009 1271 3072 magna

209 3105 323 3157 coacta
351 3114 458 3170 manu,
487 3093 519 3155 in
552 3093 767 3166 Provinciam,
797 3090 988 3153 Narbonem
1016 3108 1143 3164 versus,
1170 3110 1268 3173 erup

209 3194 333 3257 tionem
352 3191 461 3257 facere
477 3193 657 3256 contendit.
703 3189 802 3274 2Qua
821 3211 856 3252 re
872 3188 1033 3262 nuntiata,
1051 3186 1177 3251 Caesar
1197 3210 1268 3265 om-

161 3320 193 3372 30
210 3294 307 3357 nibus
326 3294 472 3357 consiliis
492 3294 765 3357 antevertendum
786 3289 994 3363 existimavit,
1014 3298 1051 3351 ut
1071 3286 1269 3353 Narbonem

209 3394 479 3475 proficisceretur.
525 3391 600 3457 3Eo
623 3414 698 3456 cum
721 3392 878 3464 venisset,
899 3390 1055 3453 timentes
1078 3389 1268 3455 confirmat.

209 3494 373 3573 praesidia
396 3494 428 3555 in
455 3494 597 3556 Rutenis
620 3491 883 3575 provincialibus,
904 3487 1019 3553 Volcis
1043 3487 1269 3563 ArecomiciS,

209 3593 430 3668 Tolosatibus,
454 3595 644 3675 circumque
673 3592 873 3665 Narbonem,
900 3610 984 3673 quae
1011 3590 1084 3652 loca
1113 3589 1269 3653 hostibus

209 3704 304 3756 erant
321 3693 468 3766 finitima,
481 3694 672 3767 constituit;
696 3702 822 3773 partem
842 3690 1010 3772 copiarum
1025 3710 1064 3753 ex
1083 3688 1268 3763 Provincia,

162 3805 193 3858 35
210 3794 543 3875 supplementumque
566 3793 653 3875 quod
678 3814 716 3855 ex
742 3792 836 3854 ltalia
861 3792 1040 3854 adduxerat
1062 3790 1096 3853 in
1113 3788 1268 3865 Helvios,

210 3891 267 3977 qui
283 3892 366 3956 fines
382 3891 607 3955 Arvernorum
626 3894 832 3975 contingunt,
850 3890 1026 3956 convenire
1041 3889 1145 3973 jubet

251 4114 356 4133 s‘N
