2667 4159
63 172 314 256 n.o.v11.2s.]
434 177 614 252 Avianium
632 176 778 252 istulerit.
1064 203 1121 272 155

63 383 261 464 plerumque
285 382 319 443 in
339 403 469 444 summo
492 381 637 463 periculo
661 381 760 444 timor
779 370 1034 446 misericordiam
1054 404 1119 448 non

63 484 193 566 recipit,
210 483 418 545 conclamare
437 494 470 544 et
493 482 679 563 significare
701 482 742 544 de
764 478 845 562 fuga
869 482 1029 544 Romanis
1049 504 1122 549 coe-

62 595 195 665 perunt.
242 580 341 664 ⁶Quo
370 585 487 646 timore
513 583 679 664 perterriti
711 581 807 655 Galli,
834 601 877 644 ne
904 582 944 644 ab
971 584 1120 665 equitatu

63 686 293 747 Romanorum
310 684 384 746 viae
400 695 730 765 praeoccuparentur,
747 682 885 744 consilio
901 683 1108 750 destiterunt.
1143 723 1149 736 ·

104 800 156 863 27.
185 785 322 847 Postero
338 785 392 848 die
412 784 541 858 Caesar,
557 795 710 866 promota
729 783 811 845 turri
827 783 1027 866 directisque
1043 807 1118 868 ope·
1137 810 1151 866 ς

60 886 152 948 ribus
177 905 264 968 quae
287 883 396 948 facere
418 885 614 959 instituerat,
639 904 760 964 magno
784 891 897 946 coorto
921 883 1033 958 imbre,
1051 907 1116 952 non

47 984 213 1052 ‚inutilem
237 986 322 1048 hanc
339 987 382 1048 ad
398 987 593 1068 capiendum
618 984 792 1048 consilium
817 995 1048 1066 tempestatem
1070 1008 1118 1050 ar-

59 1088 203 1150 bitratus
221 1100 282 1162 est,
299 1088 387 1170 quod
404 1089 501 1168 paulo
516 1087 679 1149 incautius
696 1085 862 1148 custodias
886 1085 919 1146 in
942 1105 1035 1148 muro
1051 1089 1117 1153 dis-

58 1188 186 1269 positas
207 1189 348 1263 videbat,
365 1209 509 1270 suosque
531 1186 719 1268 languidius
740 1185 771 1246 in
790 1205 889 1266 opere
904 1187 1026 1248 versari
1048 1187 1116 1270 jus·

58 1290 111 1362 sit,
134 1301 170 1352 et
192 1289 270 1373 quid
296 1289 367 1350 fieri
391 1290 489 1351 vellet
512 1287 667 1351 ostendit.
712 1283 1004 1368 ²Legionibusque
1030 1288 1115 1356 intra
1135 1321 1165 1358 10

57 1391 175 1453 vineas
195 1392 229 1452 in
251 1390 382 1452 occulto
401 1390 571 1471 expeditis,
591 1389 783 1452 cohortatus
804 1395 839 1448 ut
859 1385 1034 1468 aliquando
1055 1411 1114 1471 pro

57 1493 161 1554 tantis
190 1491 359 1554 laboribus
385 1489 527 1554 fructum
552 1488 708 1553 victoriae
740 1487 955 1569 perciperent,
982 1487 1022 1550 iis
1059 1493 1113 1573 qui

57 1593 156 1672 primi
184 1613 315 1654 murum
343 1592 594 1655 adscendissent
626 1589 771 1672 praemia
798 1588 977 1670 proposuit,
1006 1590 1115 1654 militi-

56 1695 188 1775 busque
211 1694 344 1774 signum
361 1695 460 1757 dedit.
506 1690 581 1754 ³Illi
602 1693 713 1755 subito
730 1713 769 1754 ex
786 1691 939 1754 omnibus
963 1693 1113 1773 partibus

56 1793 282 1867 evolaverunt,
298 1814 495 1877 murumque
511 1794 661 1857 celeriter
677 1793 933 1874 compleverunt.
1133 1822 1143 1858 1
1148 1820 1162 1876 ς

102 1898 154 1959 28.
182 1894 310 1957 Hostes
334 1916 369 1958 re
396 1916 481 1958 nova
507 1895 681 1977 perterriti,
707 1915 799 1958 muro
827 1894 1036 1978 turribusque
1060 1897 1114 1960 de-

54 1996 145 2077 jecti‚
171 1996 205 2056 in
232 1993 304 2058 foro
327 2016 365 2058 ac
392 1996 473 2059 locis
500 1995 739 2078 patentioribus
763 1997 930 2058 cuneatim
954 1997 1112 2062 constite-

56 2109 143 2171 runt,
177 2097 240 2159 boc
271 2096 381 2160 animo
413 2108 457 2171 ut,
485 2098 513 2160 si
543 2119 609 2179 qua
639 2117 679 2160 ex
710 2109 802 2179 parte
833 2098 962 2161 obviam
995 2112 1111 2164 contra

55 2200 236 2272 veniretur,
260 2199 331 2262 acie
359 2199 521 2261 instructa
543 2199 781 2280 depugnarent.
826 2195 918 2262 ²Ubi
942 2202 1109 2273 neminem

56 2301 88 2361 in
107 2320 248 2384 aequum
271 2300 378 2363 locum
395 2320 469 2362 sese
485 2300 667 2373 demittere,
686 2301 744 2362 sed
765 2311 834 2364 toto
852 2303 995 2384 undique
1015 2324 1109 2367 muro
1128 2323 1160 2362 20

55 2399 278 2464 circumfundi
294 2402 457 2475 viderunt,
474 2401 567 2464 veriti
593 2423 633 2463 ne
655 2403 790 2465 omnino
808 2423 882 2484 spes
899 2401 998 2485 fugae
1018 2404 1109 2468 tolle·

55 2515 155 2575 retur,
183 2502 322 2584 abjectis
349 2503 457 2577 armis,
486 2503 619 2565 ultimas
647 2504 759 2584 oppidi
786 2515 897 2585 partes
924 2505 1108 2569 continenti

54 2604 182 2686 impetu
207 2605 415 2698 petiveruntj
431 2626 580 2702 ¹parsque
604 2604 658 2678 ibi,
675 2625 749 2667 cum
773 2616 916 2686 augusto
940 2619 1106 2687 portarum

54 2706 144 2767 exitu
169 2726 207 2768 se
233 2705 296 2787 ipsi
320 2686 519 2786 §deind-ent,
543 2726 562 2768 a
586 2705 755 2781 militibus,
779 2727 853 2786 pars
880 2706 945 2788 jam
976 2729 1108 2788 egressa

54 2807 160 2886 portis
187 2807 228 2868 ab
256 2806 429 2888 equitibus,
453 2818 504 2869 est
532 2803 727 2869 interiecta:
758 2827 819 2869 nec
846 2805 907 2870 tuit
935 2808 1106 2890 quisquam
1125 2825 1156 2880 25

53 2907 108 2989 qui
133 2907 276 2988 praedae
300 2907 460 2971 studeret.
504 2904 585 2970 3Sic
607 2918 641 2970 et
664 2906 792 2969 Genabi
816 2909 916 2971 caede
939 2923 972 2970 et
997 2910 1107 2973 labore

54 3009 162 3088 operis
186 3007 323 3082 incitati,
340 3029 406 3070 non
423 3018 531 3070 aetate
550 3005 719 3082 confectis,
736 3029 801 3071 non
819 3009 1022 3084 mulieribus,
1040 3030 1105 3072 non

54 3106 236 3171 infantibus
267 3121 505 3192 pepercerunt:
535 3111 677 3192 denique
704 3130 743 3173 ex
767 3111 857 3173 omni
881 3131 1026 3185 numero,
1050 3110 1106 3194 qui

14 3200 112 3270 *fuit
142 3209 275 3273 circiter
301 3211 427 3273 milium
454 3229 509 3285 xc,
537 3211 590 3272 vix
618 3230 716 3286 occe,
744 3211 800 3294 qui
831 3211 936 3293 primo
963 3212 1106 3276 clamore

53 3311 164 3373 audito
190 3331 226 3374 se
250 3331 290 3374 ex
313 3313 434 3394 oppido
457 3313 634 3395 ejecerunt,
656 3312 838 3375 incolumes
863 3314 903 3375 ad
924 3313 1105 3395 Vercinge-
1122 3337 1155 3388 30

54 3414 193 3495 torigem
233 3426 462 3495 pervenerunt.
515 3414 632 3496 4Quos
669 3414 723 3476 ilie
762 3414 865 3478 multa
900 3418 967 3498 jam
1009 3426 1104 3478 nocte

55 3513 184 3577 silentio
208 3537 249 3579 ex
272 3513 353 3597 fuga
377 3515 517 3597 excepit,
544 3516 669 3578 veritus
701 3537 743 3579 ne
771 3538 835 3600 qua
861 3518 892 3580 in
918 3519 1037 3581 castris
1065 3537 1105 3580 ex

55 3634 165 3679 eorum
183 3607 347 3680 concursu
364 3627 397 3680 et
414 3615 636 3680 misericordia
648 3617 736 3699 volgi
754 3619 871 3682 seditio
888 3631 1043 3694 oreretur,
1057 3632 1101 3694 ut,

56 3717 163 3797 procul
189 3717 293 3780 invia
315 3717 485 3798 dispositis
508 3714 722 3780 familiaribus
746 3719 814 3781 suis
836 3720 1104 3801 principibusque

56 3817 234 3894 civitatum,
257 3819 474 3900 disparandos
499 3819 777 3901 deducendosque
800 3819 839 3880 ad
864 3839 941 3880 suos
966 3830 1102 3890 curaret,
1121 3841 1152 3894 35

57 3939 136 4001 quae
152 3921 271 4004 cuique
288 3917 415 3982 civitati
431 3938 507 4000 pars
524 3929 706 3980 castrorum
724 3918 765 3980 ab
781 3917 875 3979 initio
892 3916 1079 3978 obvenerat.
