2667 4159
245 241 305 302 114
434 220 557 305 Effects
571 220 612 303 of
621 218 675 285 tlte
694 219 816 301 Vr'ctory
830 218 903 285 and
913 216 1073 285 Disaster.
1168 213 1291 285 [Castu

286 431 334 497 52.
360 414 509 497 Longius
531 412 685 497 prosequi
702 411 835 487 veritus,
853 413 941 497 quod
964 411 1064 476 silvae
1087 412 1293 501 paludesque

241 516 500 590 intercedebant,
524 535 633 601 neque
655 513 755 579 etiam
779 513 914 596 parvulo
937 514 1140 580 detrimento
1166 516 1293 585 illorum

239 619 348 681 locum
366 616 506 700 relinqui
522 616 662 690 videbat,
681 615 834 679 omnibns
852 615 921 679 suis
942 614 1165 682 incolumibus
1181 622 1295 705 copiis,

240 720 355 783 eodem
379 718 433 782 die
456 718 497 780 ad
526 716 720 781 Ciceronem
745 716 904 798 pervenit.
949 712 1151 784 ²Iustitutas
1176 732 1294 797 turres,

214 820 435 895 §testudines
463 817 731 900 munitionesque
760 816 907 882 hostium
935 819 1134 887 admiratur:
1165 822 1297 905 legione

240 923 410 1005 producta,
423 919 595 1003 cognoscit
608 940 675 982 non
689 918 853 982 decimum
868 941 1034 1006 quemque
1046 945 1119 988 esse
1132 924 1296 1009 reliquum

242 1022 378 1085 militem
404 1021 474 1084 siue
498 1020 640 1084 vulnere.
687 1016 762 1085 ³Ex
785 1020 836 1083 his
861 1023 1014 1087 omnibus
1037 1024 1163 1108 judicat
1187 1028 1318 1102 rebus¹

244 1135 367 1204 quanto
394 1142 467 1186 cum
502 1121 646 1203 periculo
674 1132 707 1185 et
738 1134 862 1206 quanta
889 1145 964 1187 cum
992 1125 1115 1190 virtute
1147 1148 1200 1190 res
1230 1128 1297 1191 sint

242 1224 510 1287 administratae:
534 1222 729 1286 Ciceronem
754 1244 813 1305 pro
833 1224 905 1308 ejus
926 1227 1044 1290 merito
1062 1227 1296 1312 legionemque

200 1344 229 1378 10
243 1326 426 1401 collaudat;
453 1323 666 1387 centuriones
692 1324 885 1407 singillatim
911 1327 1127 1410 tribunosque
1152 1330 1296 1392 militum

243 1426 395 1509 appellat,
424 1446 563 1510 quorum
592 1426 759 1508 egregiam
790 1424 893 1491 inisse
919 1429 1075 1491 virtutem
1104 1430 1297 1494 testimonio

243 1527 413 1592 Ciceronis
436 1538 645 1609 cognoverat.
692 1525 768 1592 4De
792 1549 871 1592 casu
897 1528 1012 1593 Sabini
1034 1542 1067 1593 et
1091 1530 1215 1595 Cottae
1231 1552 1320 1602 cer-i

242 1629 307 1691 tius
324 1649 364 1693 ex
382 1628 521 1709 captivis
543 1630 724 1710 cognoscit.
772 1629 907 1694 Postero
925 1630 979 1693 die
995 1631 1151 1694 contione
1176 1632 1296 1706 habita,

242 1751 310 1793 rem
335 1741 461 1812 gestam
491 1730 654 1811 proponit,
680 1730 800 1793 milites
829 1731 1020 1794 consolatur
1042 1742 1076 1795 et
1103 1733 1297 1796 confirmat:

199 1841 228 1893 Ι5
243 1832 329 1914 quod
361 1829 596 1893 detrimentum
629 1830 727 1913 culpa
756 1842 789 1895 et
821 1830 1007 1895 temeritate
1036 1830 1137 1913 legati
1172 1834 1217 1898 sit
1249 1813 1321 1897 aci

242 1942 385 2013 ceptum,
421 1932 483 1995 boc
518 1932 674 2015 aequiore
707 1932 818 1994 animo
850 1930 1022 1995 ferendum
1058 1933 1166 2009 docet,
1202 1936 1296 2018 quod,

243 2033 404 2097 beneficio
422 2033 556 2095 deorum
582 2032 816 2095 immortalium
837 2044 870 2096 et
892 2033 1015 2097 virtute
1033 2054 1147 2097 eorum
1166 2037 1296 2119 expiato
1321 2067 1322 2115 r

243 2136 461 2210 incommodo,
482 2155 589 2217 neque
611 2134 763 2198 hostibus
779 2133 907 2198 diutina
930 2134 1065 2199 laetatio
1089 2156 1200 2219 neque
1219 2136 1295 2219 ipsis
1321 2124 1322 2129 ἵ

242 2237 370 2319 longior
386 2237 479 2300 dolor
495 2236 707 2317 relinquatur.
842 2315 846 2321 Ι

196 2351 227 2386 ²0
289 2357 304 2422 5
311 2356 337 2420 3.
364 2338 501 2403 Interim
524 2338 565 2399 ad
595 2336 778 2399 Labienum
803 2355 863 2417 per
886 2336 1011 2399 Remos
1034 2336 1222 2401 incredibili
1245 2359 1296 2402 ce-

244 2441 374 2505 leritate
391 2443 433 2503 de
448 2438 587 2503 victoria
611 2437 761 2501 Caesaris
783 2435 870 2500 fama
893 2434 1077 2518 perfertur3
1103 2451 1139 2502 ut
1164 2460 1239 2503 cum
1256 2441 1296 2502 ab

243 2542 391 2606 bibernis
416 2540 587 2605 Ciceronis
611 2538 702 2601 milia
725 2558 881 2619 passuum
904 2539 1036 2601 abesset
1059 2539 1192 2603 circiter
1208 2561 1297 2604 sexa-

243 2643 344 2724 ginta,
363 2663 468 2726 eoque
484 2653 559 2722 post
580 2641 693 2702 horam
711 2659 830 2701 nonam
848 2638 913 2701 diei
934 2640 1058 2703 Caesar
1076 2642 1295 2722 pervenisset,

243 2753 321 2806 ante
338 2744 479 2805 mediam
501 2751 630 2804 noctem
651 2741 691 2802 ad
716 2750 828 2821 portas
845 2750 1027 2802 castrorum
1052 2739 1177 2804 clamor
1196 2762 1297 2805 orere-

196 2848 227 2903 23
244 2855 306 2916 tur,
330 2864 395 2925 quo
421 2843 561 2905 clamore
587 2840 786 2922 significatio
809 2839 966 2903 victoriae
989 2840 1240 2927 gratulatioque
1258 2843 1297 2904 ab

245 2944 360 3008 Remis
383 2944 531 3008 Labieno
547 2944 648 3007 lieret.
695 2940 795 3005 ²Hac
811 2938 900 3004 iama
916 2942 958 3003 ad
981 2940 1144 3005 Treveros
1163 2944 1297 3024 perlata,

151 3051 155 3057 “
245 3045 499 3119 indutiomarus,
516 3045 572 3127 qui
595 3054 728 3126 postero
745 3044 797 3107 die
815 3052 923 3106 castra
945 3040 1084 3105 Labieni
1106 3063 1297 3126 oppugnare

245 3147 444 3217 decreverat,
461 3156 562 3208 noctu
585 3143 731 3226 profugit
756 3144 934 3227 copiasque
950 3162 1065 3207 omnes
1085 3140 1118 3204 in
1135 3143 1297 3208 Treveros

245 3246 382 3309 reducit.
428 3242 573 3309 3Caesar
597 3246 736 3309 Fabium
762 3265 837 3308 cum
863 3266 924 3309 sua
947 3243 1077 3325 legione
1101 3244 1244 3309 remittit
1267 3245 1296 3307 in

195 3351 227 3402 30
245 3347 391 3421 hiberna,
412 3346 482 3428 ipse
506 3366 580 3408 cum
605 3345 711 3409 tribus
733 3345 918 3428 legionibus
944 3344 1067 3409 circum
1095 3343 1298 3409 Samarobri-

245 3468 318 3508 vam
345 3446 439 3508 trinis
463 3445 610 3508 bibernis
638 3446 784 3509 hiemare
807 3443 981 3511 constituit
995 3467 1003 3524 ;
1031 3456 1073 3521 et,
1097 3447 1186 3528 quod
1215 3446 1297 3509 tanti

246 3556 355 3608 motus
376 3543 501 3607 Galliae
518 3545 724 3620 exstiterant,
741 3555 843 3608 totam
863 3546 1007 3611 hiemem
1028 3546 1098 3628 ipse
1114 3547 1155 3608 ad
1177 3546 1298 3610 exerci-

206 3684 210 3690 -
246 3656 316 3708 tum
334 3664 468 3707 manere
484 3644 642 3707 decrevit.
689 3642 806 3719 *Nam
824 3646 879 3709 illo
896 3646 1105 3709 incommodo
1121 3648 1162 3709 de
1183 3647 1297 3711 Sabini

247 3746 353 3808 morte
369 3744 503 3824 perlato,
520 3764 635 3806 omnes
651 3741 722 3807 lere
744 3744 871 3809 Galliae
887 3746 1038 3810 civitates
1055 3748 1097 3809 de
1116 3747 1205 3811 bello
1223 3770 1297 3814 con·

195 3849 225 3901 35
248 3826 435 3917 sultabann
467 3842 600 3903 nuntios
627 3843 874 3927 legationesque
905 3846 937 3908 in
967 3866 1083 3909 omnes
1110 3860 1224 3928 partes
1254 3850 1298 3913 di-

248 3940 449 4017 mittebant;
472 3942 600 4023 etquid
623 3943 738 4024 reliqui
760 3944 889 4005 consilii
913 3957 1069 4026 caperent
1093 3957 1194 4030 atque
1211 3953 1299 4015 unde

305 4050 472 4129 A
