2667 4159
32 225 65 277 B·
81 226 116 277 G.
130 225 166 277 V·
183 222 241 295 51·l
282 224 394 291 Coesar
408 225 527 291 invites
540 226 612 289 arrd
623 224 721 308 reprls
736 224 822 289 their
833 224 961 289 Attack.
1027 244 1082 309 113

31 422 103 485 loco
124 432 235 505 potest
260 432 369 485 castra
394 419 587 485 communit.
644 420 758 503 Atque
783 421 871 497 haec,
900 422 963 486 etsi
990 434 1085 489 erant

31 523 150 606 exigua
180 543 240 606 per
266 543 312 597 se,
338 521 393 585 vix
422 520 594 585 hominum
621 520 747 585 milium
779 533 914 603 septem,
940 542 1085 605 praeser-

31 625 90 687 tim
118 623 218 686 nullis
249 643 325 686 cum
352 622 608 704 impedimentis,
633 629 745 685 tamen
771 622 933 703 angustiis
957 623 1083 689 viarum

31 745 130 808 quam
155 723 299 786 maxime
322 734 432 805 potest
457 723 632 799 contrahit,
650 743 689 786 eo
714 722 852 787 consilio
879 724 970 789 utin
996 746 1084 789 sum-

33 845 117 888 mam
142 824 425 906 contemptionem
449 824 599 888 hostibus
614 823 737 887 veniat.
782 822 952 900 lInterim,
969 846 1084 907 specu·
1104 844 1118 899 5

32 926 190 989 latoribus
206 926 239 988 in
256 945 372 989 omnes
387 937 498 1006 partes
513 923 666 999 dimissis,
684 922 830 1007 explorat
854 946 918 1009 quo
941 946 1085 991 commo-

31 1026 165 1089 dissime
188 1026 306 1089 itinere
329 1026 429 1089 valles
454 1026 584 1089 transiri
608 1026 720 1107 possit.

75 1143 126 1207 50.
152 1128 204 1190 Eo
232 1127 296 1204 die,
323 1126 466 1209 parvulis
494 1127 703 1209 equestribus
735 1126 866 1208 proeliis
893 1128 936 1190 ad
966 1147 1084 1211 aquarn

31 1227 138 1303 factiS,
172 1227 303 1311 utrique
337 1248 409 1291 sese
442 1245 502 1291 suo
536 1227 607 1290 loco
641 1226 834 1290 continent:
869 1226 964 1304 Galli,
995 1229 1083 1312 quod

31 1329 206 1411 ampliores
234 1328 345 1410 copias
373 1328 457 1411 quae
485 1328 631 1390 nondum
660 1340 882 1391 convenerant
913 1341 1083 1411 exspecta·
1103 1360 1132 1397 10

30 1431 130 1508 bant;
156 1429 290 1504 Caesar,
303 1430 331 1492 si
347 1427 431 1492 sorte
448 1428 573 1491 timoris
587 1428 794 1493 simulatione
811 1430 923 1501 hostes
941 1429 974 1491 in
988 1451 1082 1494 suum

29 1532 137 1595 locum
160 1530 281 1594 elicere
300 1541 421 1611 posset,
437 1540 473 1592 ut
498 1528 581 1592 citra
602 1530 720 1593 vallem
745 1551 804 1611 pro
820 1531 936 1593 castris
959 1530 1083 1612 proelio

29 1632 268 1707 contenderet;
300 1630 326 1693 si
357 1630 390 1691 id
421 1628 551 1693 efficere
581 1650 647 1692 non
679 1642 801 1712 posset,
831 1642 874 1706 ut,
906 1632 1083 1713 exploratis

28 1732 214 1805 itineribus,
231 1731 357 1794 minore
379 1752 453 1794 cum
478 1731 624 1813 periculo
639 1731 758 1793 vallem
783 1733 955 1817 rivumque
979 1747 1085 1799 trans-

29 1835 96 1897 iret.
143 1830 278 1895 ²Prima
300 1833 372 1895 luce
396 1831 541 1895 hostium
566 1831 733 1914 equitatus
756 1833 797 1895 ad
821 1835 1131 1913 castraaccedit,15

27 1934 257 2017 proeliumque
281 1954 355 1996 eum
384 1940 505 1998 nostris
534 1938 700 2019 equitibus
729 1941 913 2004 committit.
962 1943 1084 2007 Caesar

28 2035 183 2099 consulto
203 2034 330 2118 equites
352 2038 468 2100 cedere
492 2058 593 2121 seque
617 2040 651 2102 in
675 2051 784 2105 castra
802 2042 947 2124 recipere
969 2041 1081 2125 jubet3

29 2145 126 2208 simul
150 2167 192 2209 ex
215 2146 369 2209 omnibus
396 2146 545 2227 partibus
570 2156 678 2209 castra
704 2142 818 2207 altiore
841 2144 927 2207 vallo
951 2144 1081 2219 muniri,

28 2260 209 2329 portasque
240 2247 375 2322 obstrui,
406 2261 505 2330 atque
535 2247 568 2310 in
600 2246 651 2309 his
683 2244 953 2309 administrandis
984 2247 1082 2310 rebus

29 2369 125 2429 quam
159 2348 302 2411 maxime
331 2348 519 2412 concursari
546 2361 580 2412 et
610 2369 685 2411 eum
719 2346 926 2411 simulatione
957 2347 1011 2428 agi
1043 2347 1082 2409 ti·
1101 2362 1133 2399 20

28 2450 128 2512 moris
151 2448 260 2530 jubet.

70 2565 123 2628 51.
150 2549 283 2631 Quibus
300 2548 453 2612 omnibus
473 2550 570 2613 rebus
594 2550 706 2613 hostes
725 2550 863 2626 invitati,
880 2550 992 2632 copias
1016 2560 1081 2613 tra-

27 2649 163 2723 ducunt,
181 2650 350 2732 aciemque
374 2650 486 2733 iniquo
509 2651 582 2713 loco
604 2651 833 2727 constituunt;
858 2650 981 2713 nostris
1004 2671 1081 2714 vero

27 2750 125 2812 etiam
151 2750 194 2813 de
216 2750 301 2813 vallo
324 2750 474 2816 deductis
498 2751 631 2832 propius
656 2753 827 2825 accedunt,
850 2762 883 2815 et
907 2752 972 2814 tela
995 2752 1082 2814 intra

27 2850 248 2913 munitionem
276 2871 317 2913 ex
348 2851 502 2914 omnibus
534 2851 681 2932 partibus
710 2853 887 2928 coniciunt,
914 2854 1082 2934 praeconi·
1103 2870 1131 2924 25

27 2951 158 3033 busque
175 2950 412 3013 circummissis
431 2952 637 3031 pronuntiari
653 2953 781 3035 jubent,
800 2974 858 3016 seu
875 2954 948 3036 quis
966 2953 1080 3017 Gallus

28 3072 83 3113 seu
113 3053 287 3115 Romanus
309 3050 388 3113 velit
413 3061 490 3114 ante
515 3053 629 3115 horam
653 3053 783 3117 tertiam
807 3055 848 3116 ad
872 3074 908 3117 se
931 3053 1080 3126 transire,

29 3152 99 3215 sine
125 3151 273 3233 periculo
296 3150 413 3227 licere;
440 3163 515 3233 post
543 3153 576 3215 id
603 3165 735 3236 tempus
759 3175 825 3217 non
849 3151 917 3217 fore
941 3166 1082 3235 potesta-

30 3263 102 3315 tem.
150 3248 229 3314 ²Ac
252 3250 300 3315 sic
324 3263 456 3315 nostros
481 3262 761 3335 contempserunt,
779 3267 823 3329 ut,
844 3254 1023 3318 obstructis
1047 3256 1081 3317 in

30 3353 174 3433 speciem
196 3351 302 3435 portis
318 3352 456 3434 singulis
473 3353 644 3418 ordinibus
664 3355 836 3437 cespitum,
853 3356 940 3438 quod
960 3376 999 3419 ea
1016 3378 1080 3419 non
1102 3375 1133 3425 30

31 3474 126 3532 posse
149 3454 393 3534 introrumpere
417 3452 621 3530 videbantur,
644 3456 698 3518 alii
726 3457 845 3519 vallum
871 3477 970 3519 manu
998 3458 1082 3520 sciu-

31 3554 115 3629 dere,
146 3554 202 3617 alii
233 3552 338 3618 fossas
369 3554 534 3636 complere
568 3556 761 3638 inciperent.
807 3554 917 3620 3Tum
951 3558 1081 3633 Caesar,

32 3655 185 3717 omnibus
208 3654 313 3736 portis
337 3655 509 3736 eruptione
532 3654 620 3720 facta
643 3657 857 3740 equitatuque
878 3658 1009 3733 emisso,
1030 3679 1083 3722 ce·

33 3752 141 3819 leriter
168 3755 283 3818 hostes
311 3755 344 3817 in
371 3753 485 3837 fugam
513 3758 578 3831 dat,
603 3758 649 3820 sic
675 3757 723 3820 uti
750 3757 885 3820 omnino
914 3758 1067 3837 pugnanr'
1160 3772 1190 3823 35

35 3874 132 3929 causa
162 3856 330 3919 resisteret
363 3876 480 3929 nem0;
515 3877 737 3938 magnumque
768 3876 808 3918 ex
837 3854 877 3914 iis
909 3873 1007 3914 nume
1026 3856 1142 3917 hiemis

35 3955 160 4031 occidit,
176 3966 277 4038 atque
291 3974 406 4018 omnes
424 3955 524 4018 armis
540 3955 642 4017 exuit.

551 4072 568 4118 a
