2667 4159
82 175 142 234 un.
156 176 250 244 1.n8.]
360 161 391 222 T
387 161 534 242 reaclzery
558 162 597 243 os
613 161 810 254 Dumnorix.
1125 183 1157 228 11

80 354 219 438 necisque
258 353 292 416 in
331 373 409 418 suos
440 351 540 416 habet
578 362 848 435 potestatem-
867 351 1032 437 8graviter
1061 367 1128 418 eos'

80 463 203 527 accusat,
229 453 326 533 quod,
359 470 434 515 cum
465 470 574 533 neque
607 449 671 512 erni
704 471 812 534 neque
841 473 881 514 ex
911 452 1000 534 agris
1033 454 1118 515 sumi

80 560 186 632 posset,
210 559 280 612 tam
309 547 497 612 necessario
525 557 685 630 tempore,
703 558 772 610 tam
787 549 992 632 ⁴propinquis
1020 551 1120 612 hosti-

81 647 137 722 bus,
152 647 193 710 ab
212 646 254 708 iis
279 665 346 710 non
370 645 564 710 sublevetur
578 665 585 722 ;
613 646 810 728 praesertim
835 667 910 710 cum
935 667 1057 729 magna
1079 668 1120 710 ex

80 755 158 826 parte
195 763 308 808 eorum
348 743 503 826 precibus
549 743 713 806 adductus
760 744 883 806 bellum
924 745 1118 825 susceperit,
1149 767 1162 820 5
1224 793 1228 798 .

81 841 169 905 multo
186 842 287 906 etiam
305 841 436 925 gravius
454 841 540 923 quod
558 840 601 902 sit
619 840 803 903 destitutus
819 842 976 924 queritur.

119 953 158 1018 17.
190 939 278 1022 Tum
309 937 443 1024 demum
478 936 605 1023 Liscus,
639 940 789 1001 oratione
818 938 971 1003 Caesaris
1003 941 1121 1002 adduc-

81 1045 134 1113 tus,
162 1037 248 1119 quod
280 1041 380 1124 antea
410 1045 560 1124 tacuerat
592 1036 770 1118 proponit:
803 1037 907 1100 ‘Esse
931 1038 1119 1123 non-nullos,

82 1153 205 1215 quorum
238 1135 419 1228 auctoritas
451 1133 538 1214 apud
561 1132 694 1214 plebem
719 1133 896 1216 plurimum
920 1135 1040 1209 valeat,
1064 1136 1120 1218 qui

81 1231 218 1312 privatim
250 1230 325 1314 plus
360 1229 490 1312 possint
529 1250 628 1314 quam
659 1230 724 1312 ipsi
756 1233 981 1312 magistratus.
1026 1230 1121 1295 ²Hos
1136 1255 1167 1290 ro

82 1319 229 1394 seditiosa
251 1336 351 1410 atque
378 1327 528 1410 improba
554 1328 705 1392 oratione
735 1328 985 1392 multitudinem
1015 1330 1123 1393 deter-

82 1445 152 1499 rere,
168 1445 208 1490 ne
223 1423 430 1489 frumentum
451 1423 634 1500 conferant,
653 1427 741 1510 quod
764 1438 933 1508 praestare
956 1428 1122 1491 debeant:

82 1523 107 1585 si
127 1521 186 1604 jam
208 1523 433 1606 principatum
451 1523 578 1587 Galliae
601 1524 755 1588 obtinere
772 1544 840 1588 non
857 1525 997 1606 possint,
1016 1525 1123 1588 Gallo-

83 1640 144 1682 rum
180 1641 275 1705 quam
323 1620 551 1684 Romanorum
596 1620 736 1704 imperia
780 1620 969 1703 praeferre;
1014 1644 1122 1705 neque

83 1718 218 1782 dubitare
244 1719 416 1802 [debeant]
441 1719 530 1803 quin,
549 1720 577 1782 si
601 1718 781 1783 Helvetios
804 1721 1033 1802 superaverint
1059 1721 1166 1794 Ro-15

83 1818 170 1894 mani,
193 1838 257 1881 una
280 1839 356 1882 cum
381 1816 439 1887 reli
466 1838 506 1880 ua
530 1816 639 1880 Gallia
663 1817 815 1880 Haeduis
840 1817 1030 1881 libertatem
1054 1819 1122 1880 sint

82 1915 221 1996 erepturi.
282 1912 360 1978 8Ab
398 1839 524 1978 eisz'em
564 1925 678 1977 nostra
717 1915 864 1990 consilia,
904 1936 1054 1998 quaeque
1088 1916 1121 1977 in

82 2013 188 2076 castris
209 2012 552 2098 gementum-hostibus
576 2012 764 2088 enuntia1·i;
792 2013 853 2074 hos
876 2032 896 2074 a
919 2033 955 2076 se
979 2013 1123 2076 coerceri

82 2128 140 2172 non
163 2131 267 2193 posse.
317 2109 542 2193 Quinetiam,
568 2109 656 2191 quod
681 2109 870 2172 necessario
893 2131 963 2172 rem
988 2120 1123 2172 coactus

83 2204 205 2272 Caesari
242 2207 436 2282 enuntiarit,
470 2205 665 2289 intellegere
705 2227 779 2269 sese
817 2217 943 2289 quanto
981 2208 1012 2268 id
1047 2228 1168 2270 cumzo

82 2305 215 2384 periculo
237 2303 364 2380 fecerit,
383 2314 418 2369 et
440 2303 484 2368 ob
508 2323 580 2367 eam
603 2323 747 2379 causam,
765 2325 863 2386 quam
887 2305 943 2367 diu
967 2305 1122 2386 potuerit,

82 2403 233 2470 tacuisse’
531 2421 535 2430 '

123 2503 164 2566 18.
196 2501 320 2566 Caesar
350 2502 412 2565 hac
442 2500 611 2569 orationes
625 2499 716 2562 Lisci
748 2499 1002 2582 Dumnorigem,
1035 2499 1126 2562 Divi-

82 2593 166 2660 tiacit
177 2597 323 2674 fratrem,
348 2598 516 2680 designari
546 2597 737 2673 sentiebat3
769 2598 838 2673 sed,
863 2599 950 2678 quod
974 2597 1123 2678 pluribus

82 2697 301 2770 praesentibus
325 2716 381 2759 eas
400 2716 453 2758 res
468 2695 584 2779 jactari
609 2695 753 2769 nolebat,
771 2694 924 2758 celeriter
947 2694 1123 2757 concilium
1138 2717 1167 2767 25

81 2789 218 2868 dimittit,
252 2787 556 2863 Liscumtretin'et
605 2789 766 2875 ²Quaerit
797 2813 838 2856 ex
869 2790 941 2855 solo
971 2810 1011 2855 ea
1040 2811 1124 2874 quae

82 2883 111 2947 iu
139 2901 302 2955 conventu
334 2890 469 2954 dixerat.
518 2888 610 2953 Dicit
650 2889 786 2953 liberius
817 2899 919 2972 atque
956 2888 1122 2952 audacius.
1172 2930 1174 2933 -

83 2982 196 3052 Eadem
235 2996 366 3054 secreto
396 2987 438 3051 ab
468 2985 541 3050 aliis
571 2985 723 3070 quaerit;
760 2988 882 3070 reperit
921 3007 996 3051 esse
1026 3007 1126 3049 vera:

83 3081 205 3163 ‘Ipsum
243 3105 319 3150 esse
358 3083 611 3166 Dumnorigem,
652 3105 781 3148 summa
819 3085 965 3160 audacia,
1006 3104 1125 3167 magua

81 3182 160 3259 apud
195 3183 326 3266 plebem
366 3191 502 3265 propter
539 3181 772 3245 liberalitatem
811 3182 927 3264 gratia,
967 3182 1123 3263 cupidum
1138 3203 1170 3252 30

81 3295 179 3342 renim
210 3301 380 3346 novarum.
426 3275 642 3361 8Complures
674 3299 780 3342 annos
814 3281 960 3362 portoria
990 3279 1127 3360 reliqua·

80 3390 139 3452 que
175 3379 283 3442 omnia
323 3378 538 3441 Haeduorum
586 3375 764 3458 vectigalia
803 3397 904 3458 parvo
941 3376 1048 3458 pretio
1080 3396 1126 3438 re-

81 3469 205 3555 dempta
227 3477 358 3551 habere,
377 3485 553 3557 propterea
569 3475 655 3558 quod
676 3473 731 3536 illo
748 3474 870 3538 licente
894 3484 1011 3538 contra
1033 3473 1126 3538 liceri

82 3569 191 3635 atteleat
222 3594 328 3637 nemu.
375 3569 460 3636 4lIis
500 3573 598 3636 rebus
630 3582 662 3635 et
696 3592 789 3634 suam
822 3592 890 3634 rem
930 3568 1124 3634 familiarem

82 3667 210 3746 auxisse,
249 3682 282 3734 et
321 3668 500 3732 lacrdtates
539 3671 579 3731 ad
617 3669 825 3750 largiendum
865 3690 1003 3750 magnas
1042 3690 1127 3732 com·
1140 3689 1169 3741 35

84 3779 226 3845 parasse3
272 3787 430 3849 magnum
470 3787 643 3829 numerum
686 3767 855 3848 equitatus
894 3786 953 3827 suo
992 3776 1125 3844 sumptu
1157 3766 1160 3771 ’
