2667 4159
109 170 142 225 B·
158 171 194 224 G·
209 169 322 241 V1·4·]
447 170 513 237 lee
525 171 630 238 Gauls
643 172 774 238 submit.
1103 191 1163 259 119

152 387 180 433 2.
207 366 388 433 Interfecto
412 368 647 442 Indutiomaro,
667 378 703 431 ut
728 367 909 444 docuimus
928 368 969 431 ad
993 366 1066 453 ejus
1089 386 1162 450 pro-

107 469 250 553 pinquos
280 491 300 533 a
330 470 484 533 Treveris
511 469 684 551 imperium
717 466 872 533 defertur.
919 470 971 532 Illi
1002 468 1161 532 finitimos

108 570 296 635 Germanos
312 571 486 634 sollicitare
502 582 535 633 et
552 570 724 651 pecuniam
742 570 887 653 polliceri
904 591 971 633 non
987 570 1160 635 desistunt.

105 667 215 735 ²Cum
247 673 290 735 ab
321 670 476 754 proximis
507 670 684 753 impetrare
716 692 780 734 non
812 681 957 753 possent,
988 671 1161 734 ulteriores

106 782 283 855 temptant.
342 772 491 835 Inventis
522 772 690 837 nonnullis
721 772 918 846 civitatibus,
949 771 1194 855 jurejurandos

105 873 194 937 inter
221 894 258 937 se
284 873 491 947 confirmant,
519 872 754 957 obsidibusque
785 872 827 936 de
857 872 997 954 pecunia
1024 885 1161 937 cavent:

105 973 340 1056 Ambiorigem
386 972 449 1036 sibi
496 973 656 1037 societate
701 983 734 1037 et
783 970 916 1037 foedere
963 972 1159 1056 adjungunt.

103 1071 264 1157 ³Quibus
293 1074 391 1138 rebus
422 1074 574 1155 cognitis,
602 1073 733 1149 Caesar,
760 1094 834 1138 cum
863 1075 1007 1159 undique
1039 1075 1159 1137 bellum

104 1175 213 1256 parari
226 1174 362 1251 videret,
376 1174 527 1252 Nervios,
539 1174 734 1240 Aduatucos
747 1196 785 1239 ac
799 1175 981 1259 Menapios,
995 1175 1160 1258 adjunctis

104 1274 326 1340 Cisrhenanis
350 1277 503 1339 omnibus
528 1276 711 1353 Germanis
728 1297 800 1340 esse
823 1277 855 1339 in
880 1277 988 1351 armis,
1011 1276 1159 1341 Senones
1180 1307 1208 1344 10

102 1378 145 1441 ad
164 1378 363 1459 imperatum
380 1398 446 1440 non
458 1377 571 1441 venire
588 1388 708 1441 etcum
726 1377 928 1442 Carnutibus
945 1378 1159 1461 finitimisque

101 1477 298 1542 civitatibus
322 1478 459 1541 consilia
481 1478 733 1554 communicare,
755 1500 773 1543 a
796 1480 950 1544 Treveris
975 1478 1158 1543 Germanos

101 1579 232 1643 crebris
263 1579 483 1662 legationibus
514 1580 692 1655 sollicitari,
720 1580 881 1644 maturius
913 1580 973 1643 sibi
1002 1581 1043 1643 de
1073 1580 1158 1643 bello

102 1681 322 1763 cogitandum
339 1681 474 1764 putavit

148 1798 181 1862 3.
208 1782 336 1865 Itaque,
353 1782 499 1846 nondum
524 1782 632 1847 hieme
650 1779 809 1859 confecta,
827 1781 981 1864 proximis
1006 1792 1160 1865 quattuor
1179 1808 1207 1862 ¹5

100 1881 233 1946 coactis
249 1882 445 1965 legionibus
462 1883 504 1946 de
520 1882 699 1965 improviso
716 1884 748 1945 in
767 1884 849 1946 lines
867 1882 1062 1945 Nerviorum
1081 1904 1158 1946 con-

100 1983 224 2057 tendit,
249 1994 283 2046 et
309 1982 519 2067 priusquam
545 1983 591 2046 illi
617 1994 674 2047 aut
701 1984 878 2047 convenire
900 1994 956 2046 aut
984 1980 1158 2065 profugere

100 2094 254 2166 possent,
278 2104 400 2165 magno
425 2084 553 2167 pecoris
576 2096 676 2169 atque
703 2084 872 2148 hominum
896 2104 1034 2147 numero
1061 2095 1158 2163 capto

100 2197 206 2268 atque
232 2205 271 2248 ea
301 2184 421 2265 praeda
446 2185 606 2249 militibus
634 2205 801 2259 concessa,
829 2184 1033 2267 vastatisque
1060 2184 1157 2265 agris,

101 2285 139 2347 in
167 2284 369 2348 deditionem
399 2286 512 2349 venire
542 2297 642 2369 atque
673 2285 805 2350 obsides
837 2286 899 2348 sibi
930 2286 1009 2348 dare
1039 2285 1156 2367 coegit.
1177 2325 1207 2360 20

99 2382 180 2449 2Εο
193 2385 342 2449 celeriter
357 2384 508 2451 consecto
520 2386 663 2469 negotio,
678 2408 790 2451 rursus
807 2385 840 2449 in
857 2387 995 2449 hiberna
1011 2385 1157 2466 legiones

100 2486 244 2551 reduxit.
305 2485 454 2550 Concilio
481 2484 609 2551 Galliae
639 2487 745 2570 primo
771 2508 856 2561 vere,
882 2486 930 2550 uti
961 2486 1157 2560 instituerat,

57 2571 62 2578 ’
101 2586 242 2662 indict0,
266 2607 341 2650 cum
365 2587 479 2672 reliqui
503 2598 633 2671 praeter
656 2587 816 2662 Senones,
840 2588 1014 2660 Carnutes,
1038 2588 1158 2649 Treve-

101 2708 237 2771 rosque,
259 2687 437 2763 venissent‚
461 2688 590 2753 initium
616 2687 692 2751 belli
716 2708 753 2751 ae
777 2686 973 2751 defectionis
998 2687 1060 2750 hoc
1084 2708 1157 2751 esse

101 2789 294 2864 arbitratus,
326 2800 362 2852 ut
395 2790 507 2852 omnia
542 2800 742 2871 postponere
775 2789 950 2863 videretur,
982 2788 1156 2851 concilium
1177 2824 1206 2878 25

103 2888 277 2953 Lutetiam
295 2889 492 2953 Parisiorum
518 2888 681 2954 transfert.
727 2886 908 2953 ³Confines
925 2898 1019 2951 erant
1039 2888 1073 2950 bi
1098 2888 1156 2951 Se-

101 2990 258 3064 nonibus,
282 2989 516 3073 civitatemque
546 3002 675 3072 patrum
708 2991 866 3054 memoria
895 2988 1156 3073 conjunxerant;

102 3091 164 3154 sed
192 3091 235 3154 ab
261 3090 323 3154 hoc
350 3091 488 3155 consilio
515 3088 662 3154 abfuisse
688 3091 971 3154 existimabantur.
1020 3090 1094 3153 Hac
1123 3111 1156 3153 re

102 3212 164 3274 pro
188 3203 347 3273 suggestu
371 3191 591 3273 pronuntiata,
607 3192 722 3261 eodem
742 3192 796 3255 die
816 3212 891 3254 cum
915 3190 1098 3273 legionibus
1123 3190 1156 3252 in

103 3292 259 3357 Senones
276 3292 500 3373 proficiscitur,
517 3291 710 3376 magnisque
726 3291 900 3355 itineribus
917 3313 956 3355 eo
972 3291 1130 3373 pervenit.
1175 3326 1207 3377 30

146 3412 177 3473 4
203 3393 347 3474 Cognito
367 3392 439 3475 ejus
456 3393 609 3467 adventu,
627 3394 729 3467 Acco,
746 3392 802 3475 qui
825 3393 976 3476 princeps
994 3394 1065 3476 ejus
1083 3412 1158 3454 con·

102 3493 168 3559 silii
198 3491 315 3570 fuerat,
344 3493 437 3576 jubet
470 3494 503 3555 in
534 3494 654 3575 oppida
684 3494 928 3565 multitudinem
961 3492 1157 3556 convenire:

103 3595 313 3670 conantibus,
329 3594 420 3676 prius
436 3616 535 3678 quam
552 3595 584 3657 id
603 3594 688 3657 effici
712 3604 833 3677 posset,
851 3595 965 3657 adesse
987 3596 1156 3657 Romanos

104 3695 285 3760 nuntiatur,
330 3693 550 3760 ²Necessario
574 3696 741 3759 sententia
768 3694 939 3770 desistunt,
963 3694 1156 3777 legatosque

106 3795 302 3878 deprecandi
334 3818 434 3860 causa
464 3797 505 3859 ad
541 3796 713 3859 Caesarem
747 3797 906 3870 mittunt3
940 3798 1064 3856 adeunt
1098 3812 1157 3870 per
1174 3823 1205 3873 35

107 3897 278 3973 Haeduos,
290 3918 428 3981 quorum
441 3896 623 3984 antiquitus
636 3906 706 3964 erat
722 3896 755 3961 in
772 3895 836 3962 fide
852 3895 974 3963 civitas.
1011 3888 1155 3953 ³Liber1·
