2667 4159
203 177 263 257 146
427 178 606 261 Siegeand
619 175 759 259 Capture
771 176 812 258 of
824 172 997 239 Cenabum.
1122 173 1250 244 [ΕΑ-3η

198 370 374 435 Helvetico
395 371 519 454 proelio
534 370 640 435 victos
660 370 783 434 Caesar
798 369 1012 433 collocaverat
1033 368 1252 453 Haeduisque

196 472 401 546 attribuerat,
418 492 607 553 oppugnare
623 471 780 535 instituit.

244 590 291 637 10.
317 572 473 654 Magnam
502 573 583 636 haec
610 594 662 635 res
691 573 824 637 Caesari
852 573 1078 638 difficultatem
1107 575 1149 637 ad
1178 595 1253 638 con·

196 676 302 739 silium
323 674 521 756 capiendum
543 674 719 739 afferebat:
743 676 772 741 si
795 676 953 760 reliquam
977 688 1105 760 partem
1131 677 1251 741 hiemis

163 798 262 861 5uno
286 776 358 839 loco
381 775 528 858 legiones
552 777 745 853 contineret,
770 799 820 854 ne,
844 778 1065 860 stipendiariis
1095 779 1253 843 Haeduo

197 897 268 941 rum
297 878 504 960 expugnatis,
531 891 652 942 cuncta
681 879 786 943 Gallia
813 879 976 954 deficeret,
1004 880 1093 963 quod
1122 880 1252 943 nullum

196 979 311 1043 amicis
327 980 362 1042 in
379 1001 418 1043 eo
434 980 631 1062 praesidium
643 980 811 1045 videretur
826 981 970 1063 positum
987 1002 1080 1045 esse:
1104 981 1132 1043 si
1145 993 1254 1045 matu-

197 1082 264 1147 rius
292 1104 332 1146 ex
358 1082 504 1146 bibernis
531 1084 696 1157 educeret,
721 1104 763 1145 ne
790 1082 831 1145 ab
855 1104 889 1147 re
913 1080 1129 1147 frumentaria
1158 1083 1252 1145 duris

197 1184 467 1247 subvectionibus
491 1183 662 1249 laboraret.
708 1180 904 1247 ²Praestare
925 1184 1033 1247 visum
1058 1194 1109 1248 est
1136 1193 1253 1247 tamen

149 1314 178 1350 10
196 1305 311 1358 omnes
334 1284 544 1348 difficultates
567 1284 703 1367 perpeti,
724 1305 831 1367 quam,
855 1294 948 1347 tanta
971 1284 1175 1348 contumelia
1199 1305 1254 1349 ac-

196 1397 301 1468 cepta,
332 1385 477 1448 omnium
513 1406 646 1447 suorum
678 1385 865 1449 voluntates
898 1384 1049 1449 alienare.
1106 1382 1255 1469 3ltaque

196 1486 387 1548 cohortatus
406 1485 564 1549 Haeduos
581 1485 622 1548 de
639 1486 865 1567 supportando
881 1496 1078 1561 commeatu,
1094 1486 1255 1567 praemit·

196 1584 236 1647 tit
259 1586 300 1648 ad
325 1584 431 1659 Boios,
448 1585 504 1667 qui
527 1586 567 1647 de
591 1606 651 1647 suo
675 1585 817 1648 adventu
841 1585 991 1661 doceant,
1008 1585 1255 1669 hortenturque

196 1695 232 1747 ut
266 1686 300 1749 in
331 1685 396 1747 fide
427 1694 592 1760 maneant,
624 1696 724 1767 atque
758 1684 902 1749 hostium
935 1685 1095 1767 impetum
1128 1706 1254 1767 magno

149 1816 178 1867 15
196 1785 306 1849 animo
329 1784 524 1849 sustineant.
578 1782 740 1848 4Duabus
768 1785 911 1867 Agedici
935 1786 1120 1867 legionibus
1149 1797 1254 1869 atque

195 1884 440 1967 impedimentis
468 1883 571 1948 totius
598 1885 762 1949 exercitus
790 1885 921 1963 relictis,
950 1886 991 1949 ad
1022 1886 1120 1949 Boios
1152 1886 1254 1968 profi-

195 1985 339 2049 ciseitur.

244 2104 290 2150 11.
314 2083 432 2149 Altero
455 2085 516 2162 die,
536 2107 610 2149 cum
634 2088 676 2149 ad
701 2088 857 2169 oppidum
883 2087 1050 2151 Senonum
1071 2086 1255 2150 Vellauno-

195 2187 321 2250 dunum
345 2186 499 2261 venisset,
523 2207 564 2249 ne
591 2208 688 2269 quem
716 2198 792 2269 post
818 2210 853 2251 se
880 2188 1010 2251 hostem
1038 2187 1253 2269 relinqueret,

50 2365 53 2369 ,
147 2317 178 2352 20
195 2309 260 2372 quo
283 2287 486 2369 expeditiore
511 2308 546 2350 re
568 2285 783 2351 frumentaria
807 2300 962 2363 uteretur,
984 2308 1177 2370 oppugnare
1202 2289 1254 2350 in·
1332 2332 1333 2362 ,

195 2387 313 2463 stituit,
330 2388 428 2471 idque
452 2388 550 2451 biduo
574 2388 851 2466 circumvallavit3
876 2389 973 2453 tertio
997 2389 1058 2464 die,
1076 2388 1188 2452 missis
1212 2410 1255 2453 ex

195 2488 318 2570 oppido
340 2488 458 2569 legatis
475 2489 516 2552 de
532 2488 710 2565 deditione,
727 2510 818 2551 arma
833 2486 985 2564 conferri,
1001 2489 1153 2571 jumenta
1177 2510 1255 2571 pro·
1331 2514 1332 2543 1

195 2588 280 2663 duci,
302 2599 476 2651 sexcentos
500 2588 632 2651 obsides
655 2589 734 2665 dari,
758 2588 870 2672 jubet:
902 2609 940 2652 ea
971 2589 1027 2672 qui
1059 2589 1254 2664 conficeret,

196 2688 234 2753 C.
259 2688 461 2751 Trebonium
490 2690 634 2771 legatum
658 2689 822 2772 relinquit.
868 2687 977 2771 ²lpse‚
1003 2700 1161 2772 utquam
1186 2690 1255 2771 pri-

147 2816 177 2867 25
197 2809 286 2851 mum
302 2789 365 2852 iter
380 2786 510 2865 faceret,
524 2789 697 2852 Genabum
717 2790 899 2855 Carnutum
917 2790 1159 2872 proficiscitur;
1183 2789 1254 2873 qui,
1330 2840 1331 2851 ,

195 2900 266 2952 tum
294 2888 434 2970 primum
462 2889 562 2952 allato
589 2890 706 2953 nuntio
731 2892 770 2952 de
795 2890 1042 2973 oppugnatione
1069 2890 1255 2953 Vellauno-

195 2988 286 3064 duni,
313 3010 387 3052 cum
419 2989 549 3071 longius
577 3010 650 3053 eam
677 3010 746 3053 rem
774 2991 908 3054 ductum
940 2991 979 3052 iri
1011 2990 1254 3069 existimarent,

196 3090 394 3171 praesidium
428 3090 556 3153 Genabi
590 3091 704 3153 tuendi
736 3112 843 3164 causa,
875 3091 962 3173 quod
995 3111 1034 3153 eo
1065 3089 1253 3186 mitterent,
1329 3106 1330 3111 ’

196 3192 437 3272 comparabant.
482 3188 584 3253 ³Huc
608 3190 708 3253 biduo
736 3192 893 3272 pervenit.
941 3191 1066 3254 Castris
1089 3202 1169 3255 ante
1192 3214 1254 3275 op-

147 3317 178 3369 30
196 3290 308 3372 pidum
326 3291 452 3372 positis
468 3290 534 3353 diei
553 3302 700 3373 ternpore
717 3292 867 3355 exclusus
885 3290 918 3353 in
936 3298 1105 3373 posterum
1122 3313 1255 3374 oppug-

197 3390 363 3454 nationem
381 3386 500 3465 differt‚
514 3411 664 3473 quaeque
680 3392 720 3454 ad
738 3412 809 3455 eam
827 3413 895 3454 rem
913 3391 986 3455 usui
1003 3391 1070 3454 sint
1086 3391 1253 3455 militibus

196 3492 353 3572 imperat;
377 3501 420 3564 et,
437 3492 524 3574 quod
549 3491 705 3573 oppidum
731 3492 904 3555 Genabum
928 3512 1012 3572 pons
1029 3490 1176 3553 fluminis
1199 3492 1255 3555 Li-

196 3592 285 3673 geris
301 3591 500 3665 continebat‚
516 3592 698 3655 veritusne
716 3604 815 3656 noctu
832 3614 873 3655 ex
888 3592 1008 3673 oppido
1024 3589 1252 3677 profugerent,
1327 3598 1328 3639 l

197 3693 279 3754 duas
303 3691 450 3772 legiones
473 3691 505 3753 in
531 3692 629 3754 armis
653 3693 816 3755 excubare
837 3692 941 3774 jubet.
995 3690 1251 3769 ⁴Genabenses,

148 3815 179 3867 35
198 3791 296 3872 paulo
319 3804 396 3854 ante
420 3790 559 3854 mediam
588 3803 718 3854 noctem
748 3791 879 3855 silentio
903 3814 943 3856 ex
970 3792 1090 3874 oppido
1114 3796 1251 3875 egressi,

198 3889 320 3955 flumen
349 3891 487 3955 transire
515 3904 702 3973 coeperunt.
753 3889 852 3979 ⁵Qua
879 3914 913 3959 re
940 3914 998 3978 per
1024 3896 1251 3975 exploratores
