2667 4159
219 23 468 104 -ϊῆν
580 11 595 40 ‘
728 3 765 87 Ι

273 91 333 110 ,,-

57 191 85 244 Β.
98 191 131 244 G.
146 192 167 244 1.
182 192 244 261 40·]
293 177 502 282 Addressos
522 176 632 241 ccesar
652 167 693 240 to¹
705 178 764 274 his,
788 179 818 241 T
814 192 911 264 roops.
1112 201 1151 264 25

97 301 239 329 *um-‘⁴‘

55 370 309 452 repudiaturum.
356 366 478 450 3Quod
497 369 524 430 si
540 367 651 432 furore
669 380 770 453 atque
783 374 931 436 amentia
946 375 1111 456 impulsus

54 467 170 529 bellum
197 467 378 542 intulisset,
402 467 481 547 quid
504 469 640 529 tandem
663 471 884 542 vererentur?
906 482 964 534 aut
988 492 1047 535 cur
1068 474 1111 538 de

55 585 109 626 sua
122 566 249 627 virtute
266 575 322 626 aut
345 566 386 625 de
402 564 506 644 ipsius
528 565 704 646 diligentia
719 568 962 648 desperarent?
1006 568 1112 634 ⁴Fac-

54 671 118 723 tum
136 661 210 744 ejus
235 661 344 723 hostis
368 662 550 742 periculum
576 673 709 744 patrum
726 676 916 751 nostrorum
941 668 1108 744 memoria,

54 779 133 833 cum,
162 759 309 820 Cimbris
335 767 369 819 et
394 759 559 821 Teutonis
590 780 609 822 a
640 761 725 824 Gaio
758 763 866 825 Mario
896 764 1010 845 pulsis,
1043 787 1110 829 non
1140 789 1154 841 5

55 857 212 918 minorem
237 857 370 918 laudem
395 857 561 920 exercitus
585 879 684 939 quam
710 860 782 940 ipse
810 861 991 943 imperator
1016 865 1112 926 meri-

55 965 105 1016 tus
134 954 333 1030 videbatur3
370 949 495 1016 factum
528 955 628 1018 etiam
661 977 770 1037 nuper
803 958 836 1020 in
871 958 969 1022 ltalia
999 962 1110 1022 servili

54 1055 205 1130 tumultu,
235 1073 319 1136 quos
350 1064 463 1117 tamen
487 1055 610 1136 aliquid
642 1077 722 1118 usus
746 1078 785 1119 ac
815 1058 1000 1139 disciplina,
1026 1081 1110 1141 quae

54 1173 71 1215 a
99 1151 196 1215 nobis
228 1151 447 1234 accepissent,
482 1153 704 1216 sublevarent.
766 1151 842 1216 5ΕΧ
872 1177 938 1238 quo
969 1157 1109 1238 judicari

55 1273 158 1333 posse,
188 1262 351 1337 quantum
384 1248 522 1315 habetet
555 1252 588 1313 in
621 1273 656 1315 se
681 1253 761 1315 boni
792 1254 991 1329 constantia,
1017 1276 1156 1336 prop-1·

54 1361 141 1414 terea
164 1351 264 1432 quod,
288 1369 372 1431 quos
395 1350 597 1431 aliquamdiu
621 1350 769 1414 inermos
793 1351 865 1412 sine
889 1372 990 1414 causa
1015 1354 1113 1415 timu-

54 1447 165 1522 issent,
198 1448 260 1510 bos
299 1456 417 1529 postea
447 1457 592 1509 armatos
632 1468 670 1510 ac
702 1448 847 1511 victores
884 1461 1109 1530 superassent.

55 1545 229 1628 ⁵Denique
260 1545 323 1607 hos
354 1565 429 1608 esse
460 1545 605 1618 eosdem,
635 1546 835 1626 quibuscum
867 1565 1110 1628 saepenumero

61 1641 206 1706 Helvetii
235 1643 417 1724 congressi,
446 1663 513 1704 non
548 1642 654 1704 solum
683 1642 717 1704 in
750 1642 828 1716 suis,
858 1644 916 1706 sed
945 1645 1046 1706 etiam
1077 1645 1111 1706 in

57 1737 182 1803 illorum
198 1739 332 1813 finibus,
350 1739 546 1820 plerumque
563 1739 772 1820 superarint;
795 1739 852 1822 qui
875 1749 989 1804 tamen
1013 1763 1110 1822 pares
1126 1764 1154 1816 ¹5

57 1856 128 1901 esse
151 1846 267 1900 nostro
291 1837 541 1899 exercituinou
566 1837 746 1918 potuerint.
794 1834 855 1900 ⁷Si
885 1859 969 1920 quos
1000 1840 1113 1901 adver-

57 1959 125 2002 sum
157 1939 320 2022 proelium
353 1948 386 2000 et
416 1933 497 2017 fuga
521 1933 691 1997 Gallorum
724 1947 961 2011 commoveret,
986 1938 1057 2011 hos,
1084 1937 1112 1999 si

58 2047 259 2118 quaererent,
277 2035 422 2116 reperire
437 2052 553 2114 posse,
571 2031 792 2111 diuturnitate
815 2033 893 2095 belli
918 2031 1112 2116 defetigatis

60 2134 166 2210 Gallis,
193 2133 415 2205 Ariovistum,
439 2151 515 2193 cum
539 2130 662 2192 multos
695 2149 829 2192 menses
856 2132 975 2194 castris
1007 2152 1043 2195 se
1073 2153 1112 2195 ac

60 2233 225 2311 paludibus
266 2230 450 2306 tenuisset}
481 2247 590 2309 neque
629 2227 679 2290 sui
720 2237 923 2309 potestatem
963 2226 1111 2304 fecisset,
1125 2253 1157 2287 20

60 2330 270 2411 desperantes
293 2330 361 2411 jam
377 2328 419 2391 de
436 2309 549 2409 plrgna
568 2336 601 2388 et
625 2325 795 2407 dispersos
819 2327 931 2388 subito
947 2327 1111 2401 adortum,

62 2429 156 2510 magis
187 2429 319 2492 ratione
351 2436 385 2488 et
416 2413 679 2506 consiliofflam
702 2424 828 2486 virtute
850 2423 979 2486 vicisse.
1026 2421 1111 2486 ⁸Cui

62 2525 170 2589 rationi
196 2535 314 2589 contra
336 2523 491 2600 homines
515 2520 673 2584 barbaros
696 2531 798 2603 atque
823 2522 995 2602 imperitos
1019 2522 1112 2584 locus

61 2617 177 2698 fuisset,
193 2624 257 2686 hac
273 2642 316 2684 ne
335 2621 445 2702 ipsum
469 2619 602 2701 quidem
628 2639 762 2700 sperare
786 2628 919 2680 nostros
945 2619 1166 2729 exercitus&

63 2721 130 2800 capi
149 2741 259 2803 posse.
310 2715 514 2800 lQuisuum
546 2716 700 2779 timorem
729 2717 763 2777 in
795 2716 842 2778 rei
873 2714 1111 2780 frumentariae
1125 2740 1155 2791 ²5

62 2816 300 2882 simulationem
333 2817 572 2899 angustiasque
608 2815 737 2878 itineris
768 2811 970 2889 conferrent,
1002 2813 1111 2878 facere

62 2927 255 2998 arroganter,
285 2937 360 2980 cum
390 2926 449 2980 aut
480 2916 521 2979 de
553 2913 662 2978 officio
694 2913 904 3022 imperatoris
935 2915 1112 2994 desperare

62 3023 113 3076 aut
137 3015 364 3098 praescribere
391 3014 592 3078 viderentur.
643 3011 668 3051 ¹⁰
681 3014 776 3076 Haec
803 3013 866 3076 sibi
892 3033 966 3076 esse
995 3034 1112 3077 curae:

62 3107 257 3176 frumentum
284 3112 468 3193 Sequanos
489 3112 629 3185 Leucos,
650 3112 822 3192 Lingones
847 3112 1111 3185 subministrare,

61 3206 185 3292 jamque
203 3230 278 3273 esse
295 3210 329 3271 in
346 3209 435 3291 agris
457 3207 627 3271 frumenta
643 3218 773 3270 matura
788 3229 794 3283 ;
818 3209 860 3270 de
877 3208 997 3270 itinere
1020 3208 1112 3290 ipsos
1126 3232 1157 3281 30

62 3303 147 3368 brevi
178 3312 330 3388 tempore
369 3306 583 3387 judicaturos
647 3301 671 3342 Π
684 3305 781 3386 Quod
814 3326 880 3367 non
919 3303 989 3368 fore
1021 3307 1112 3371 dicto

62 3404 227 3468 audientes
259 3424 369 3485 neque
402 3404 498 3497 signa
521 3402 621 3466 laturi
645 3402 809 3476 dicantur,
835 3403 917 3465 nihil
946 3422 983 3466 se
1015 3425 1053 3467 ea
1077 3426 1112 3468 re

64 3502 277 3565 commoveri:
301 3502 387 3564 scire
411 3501 510 3574 enim,
535 3499 801 3583 quibuscumque
826 3500 991 3564 exercitus
1023 3501 1112 3564 dicto

63 3598 191 3662 audiens
208 3620 275 3661 non
292 3596 402 3672 fuerit,
421 3609 478 3660 aut
496 3599 581 3660 male
599 3617 633 3659 re
650 3606 747 3678 gesta
767 3595 937 3660 fortunam
954 3595 1111 3685 defuisse,

64 3703 115 3754 aut
132 3695 236 3778 aliquo
253 3694 401 3758 facinore
418 3704 589 3776 comperto
605 3695 777 3758 avaritiam
802 3715 877 3758 esse
901 3690 1094 3758 convictam·
1105 3721 1112 3761 ε
1125 3718 1155 3769 35

65 3803 150 3853 suam
173 3789 398 3856 innocentiam
423 3785 585 3874 perpetba
615 3792 693 3866 vita,
719 3789 914 3854 felicitatem
943 3791 1113 3852 Helvetio·
