<?xml version="1.0" encoding="UTF-8"?>
<!DOCTYPE html PUBLIC "-//W3C//DTD XHTML 1.0 Transitional//EN"
    "http://www.w3.org/TR/xhtml1/DTD/xhtml1-transitional.dtd">
<html xmlns="http://www.w3.org/1999/xhtml" xml:lang="en" lang="en">
 <head>
  <title>
</title>
<meta http-equiv="Content-Type" content="text/html;charset=utf-8" />
  <meta name='ocr-system' content='tesseract 3.04.00' />
  <meta name='ocr-capabilities' content='ocr_page ocr_carea ocr_par ocr_line ocrx_word'/>
</head>
<body>
  <div class='ocr_page' id='page_1' title='image "./caesarsgallicwa01greegoog_0113.png"; bbox 0 0 2667 4159; ppageno 0'>
   <div class='ocr_carea' id='block_1_1' title="bbox 60 208 1149 292">
    <p class='ocr_par' dir='ltr' id='par_1_1' title="bbox 60 208 1149 292">
     <span class='ocr_line' id='line_1_1' title="bbox 60 208 1149 292; baseline -0.002 -17"><span class='ocrx_word' id='word_1_1' title='bbox 60 228 89 275; x_wconf 86' lang='grc' dir='ltr'>Β.</span> <span class='ocrx_word' id='word_1_2' title='bbox 103 227 135 275; x_wconf 84' lang='lat' dir='ltr'>G.</span> <span class='ocrx_word' id='word_1_3' title='bbox 150 224 198 275; x_wconf 88' lang='lat' dir='ltr'>IV.</span> <span class='ocrx_word' id='word_1_4' title='bbox 213 224 270 291; x_wconf 75' lang='lat'>24]</span> <span class='ocrx_word' id='word_1_5' title='bbox 304 289 306 292; x_wconf 22' lang='grc' dir='ltr'>Ι</span> <span class='ocrx_word' id='word_1_6' title='bbox 340 208 537 291; x_wconf 70' lang='lat' dir='ltr'>Difficulties</span> <span class='ocrx_word' id='word_1_7' title='bbox 560 210 600 288; x_wconf 85' lang='lat' dir='ltr'>of</span> <span class='ocrx_word' id='word_1_8' title='bbox 616 210 669 270; x_wconf 76' lang='lat' dir='ltr'>tlte</span> <span class='ocrx_word' id='word_1_9' title='bbox 692 210 857 291; x_wconf 84' lang='lat' dir='ltr'>Landz&#39;ng.</span> <span class='ocrx_word' id='word_1_10' title='bbox 1112 214 1149 275; x_wconf 89' lang='lat'>81</span> 
     </span>
    </p>
   </div>
   <div class='ocr_carea' id='block_1_2' title="bbox 19 399 1164 3894">
    <p class='ocr_par' dir='ltr' id='par_1_2' title="bbox 19 399 1152 2527">
     <span class='ocr_line' id='line_1_2' title="bbox 99 399 1109 481; baseline 0 -18"><span class='ocrx_word' id='word_1_11' title='bbox 99 420 144 481; x_wconf 82' lang='lat'>23.</span> <span class='ocrx_word' id='word_1_12' title='bbox 171 401 236 463; x_wconf 91' lang='lat' dir='ltr'>His</span> <span class='ocrx_word' id='word_1_13' title='bbox 268 399 462 463; x_wconf 89' lang='lat' dir='ltr'>constitutis</span> <span class='ocrx_word' id='word_1_14' title='bbox 494 400 602 473; x_wconf 91' lang='lat' dir='ltr'>rebus,</span> <span class='ocrx_word' id='word_1_15' title='bbox 627 409 747 463; x_wconf 92' lang='lat' dir='ltr'>nactus</span> <span class='ocrx_word' id='word_1_16' title='bbox 771 401 924 464; x_wconf 86' lang='lat' dir='ltr'>idoneam</span> <span class='ocrx_word' id='word_1_17' title='bbox 957 402 998 463; x_wconf 90' lang='lat' dir='ltr'>ad</span> <span class='ocrx_word' id='word_1_18' title='bbox 1022 402 1109 466; x_wconf 88' lang='lat' dir='ltr'>navi·</span> 
     </span>
     <span class='ocr_line' id='line_1_3' title="bbox 58 495 1109 582; baseline -0.001 -21"><span class='ocrx_word' id='word_1_19' title='bbox 58 502 196 580; x_wconf 86' lang='lat' dir='ltr'>gaudum</span> <span class='ocrx_word' id='word_1_20' title='bbox 220 506 469 578; x_wconf 82' lang='lat' dir='ltr'>tempestatem,</span> <span class='ocrx_word' id='word_1_21' title='bbox 487 496 589 560; x_wconf 90' lang='lat' dir='ltr'>tertia</span> <span class='ocrx_word' id='word_1_22' title='bbox 611 495 682 559; x_wconf 87' lang='lat' dir='ltr'>iere</span> <span class='ocrx_word' id='word_1_23' title='bbox 699 498 812 578; x_wconf 88' lang='lat' dir='ltr'>vigilia</span> <span class='ocrx_word' id='word_1_24' title='bbox 835 498 944 574; x_wconf 90' lang='lat' dir='ltr'>solvit,</span> <span class='ocrx_word' id='word_1_25' title='bbox 967 500 1109 582; x_wconf 89' lang='lat' dir='ltr'>equites-</span> 
     </span>
     <span class='ocr_line' id='line_1_4' title="bbox 58 595 1108 679; baseline 0.002 -20"><span class='ocrx_word' id='word_1_26' title='bbox 58 597 165 679; x_wconf 91' lang='lat' dir='ltr'>quein</span> <span class='ocrx_word' id='word_1_27' title='bbox 181 596 375 657; x_wconf 82' lang='lat' dir='ltr'>ulteriorem</span> <span class='ocrx_word' id='word_1_28' title='bbox 391 604 523 674; x_wconf 87' lang='lat' dir='ltr'>portum</span> <span class='ocrx_word' id='word_1_29' title='bbox 540 595 695 675; x_wconf 87' lang='lat' dir='ltr'>progredi</span> <span class='ocrx_word' id='word_1_30' title='bbox 711 604 745 658; x_wconf 88' lang='lat' dir='ltr'>et</span> <span class='ocrx_word' id='word_1_31' title='bbox 763 616 866 659; x_wconf 91' lang='lat' dir='ltr'>naves</span> <span class='ocrx_word' id='word_1_32' title='bbox 882 598 1108 661; x_wconf 87' lang='lat' dir='ltr'>conscendere</span> 
     </span>
     <span class='ocr_line' id='line_1_5' title="bbox 57 688 1107 776; baseline 0.002 -21"><span class='ocrx_word' id='word_1_33' title='bbox 57 706 87 756; x_wconf 91' lang='lat' dir='ltr'>et</span> <span class='ocrx_word' id='word_1_34' title='bbox 103 716 137 757; x_wconf 89' lang='lat' dir='ltr'>se</span> <span class='ocrx_word' id='word_1_35' title='bbox 154 693 247 776; x_wconf 91' lang='lat' dir='ltr'>sequi</span> <span class='ocrx_word' id='word_1_36' title='bbox 263 692 373 774; x_wconf 88' lang='lat' dir='ltr'>jussit.</span> <span class='ocrx_word' id='word_1_37' title='bbox 420 688 477 753; x_wconf 78' lang='grc' dir='ltr'>2Α</span> <span class='ocrx_word' id='word_1_38' title='bbox 498 692 617 773; x_wconf 90' lang='lat' dir='ltr'>quibus</span> <span class='ocrx_word' id='word_1_39' title='bbox 643 713 718 755; x_wconf 91' lang='lat' dir='ltr'>cum</span> <span class='ocrx_word' id='word_1_40' title='bbox 744 693 842 775; x_wconf 88' lang='lat' dir='ltr'>paulo</span> <span class='ocrx_word' id='word_1_41' title='bbox 864 694 992 757; x_wconf 85' lang='lat' dir='ltr'>tardius</span> <span class='ocrx_word' id='word_1_42' title='bbox 1018 705 1107 758; x_wconf 89' lang='lat' dir='ltr'>esset</span> 
     </span>
     <span class='ocr_line' id='line_1_6' title="bbox 57 789 1150 874; baseline -0.001 -20"><span class='ocrx_word' id='word_1_43' title='bbox 57 793 329 863; x_wconf 89' lang='lat' dir='ltr'>administratum,</span> <span class='ocrx_word' id='word_1_44' title='bbox 355 789 427 870; x_wconf 92' lang='lat' dir='ltr'>ipse</span> <span class='ocrx_word' id='word_1_45' title='bbox 450 789 532 851; x_wconf 91' lang='lat' dir='ltr'>hora</span> <span class='ocrx_word' id='word_1_46' title='bbox 561 789 696 852; x_wconf 89' lang='lat' dir='ltr'>circiter</span> <span class='ocrx_word' id='word_1_47' title='bbox 718 790 784 852; x_wconf 88' lang='lat' dir='ltr'>diei</span> <span class='ocrx_word' id='word_1_48' title='bbox 808 800 926 872; x_wconf 88' lang='lat' dir='ltr'>quarta</span> <span class='ocrx_word' id='word_1_49' title='bbox 949 812 1022 855; x_wconf 94' lang='lat' dir='ltr'>cum</span> <span class='ocrx_word' id='word_1_50' title='bbox 1046 793 1108 874; x_wconf 86' lang='lat' dir='ltr'>pri·</span> <span class='ocrx_word' id='word_1_51' title='bbox 1138 814 1150 865; x_wconf 85' lang='lat'><strong>5</strong></span> 
     </span>
     <span class='ocr_line' id='line_1_7' title="bbox 57 887 1107 969; baseline 0.001 -19"><span class='ocrx_word' id='word_1_52' title='bbox 57 892 112 952; x_wconf 90' lang='lat' dir='ltr'>mis</span> <span class='ocrx_word' id='word_1_53' title='bbox 142 890 284 951; x_wconf 88' lang='lat' dir='ltr'>navibus</span> <span class='ocrx_word' id='word_1_54' title='bbox 309 887 515 949; x_wconf 87' lang='lat' dir='ltr'>Britanniam</span> <span class='ocrx_word' id='word_1_55' title='bbox 546 887 669 968; x_wconf 88' lang='lat' dir='ltr'>attigit,</span> <span class='ocrx_word' id='word_1_56' title='bbox 694 898 794 969; x_wconf 89' lang='lat' dir='ltr'>atque</span> <span class='ocrx_word' id='word_1_57' title='bbox 826 888 871 950; x_wconf 91' lang='lat' dir='ltr'>ibi</span> <span class='ocrx_word' id='word_1_58' title='bbox 896 889 929 952; x_wconf 95' lang='lat' dir='ltr'>in</span> <span class='ocrx_word' id='word_1_59' title='bbox 953 890 1107 951; x_wconf 91' lang='lat' dir='ltr'>omnibus</span> 
     </span>
     <span class='ocr_line' id='line_1_8' title="bbox 56 984 1104 1067; baseline 0.001 -19"><span class='ocrx_word' id='word_1_60' title='bbox 56 988 187 1049; x_wconf 91' lang='lat' dir='ltr'>collibus</span> <span class='ocrx_word' id='word_1_61' title='bbox 218 985 389 1065; x_wconf 90' lang='lat' dir='ltr'>expositas</span> <span class='ocrx_word' id='word_1_62' title='bbox 420 984 567 1046; x_wconf 88' lang='lat' dir='ltr'>hostium</span> <span class='ocrx_word' id='word_1_63' title='bbox 598 984 711 1065; x_wconf 89' lang='lat' dir='ltr'>copias</span> <span class='ocrx_word' id='word_1_64' title='bbox 742 995 885 1049; x_wconf 88' lang='lat' dir='ltr'>armatas</span> <span class='ocrx_word' id='word_1_65' title='bbox 924 987 1104 1067; x_wconf 87' lang='lat' dir='ltr'>conspexit.</span> 
     </span>
     <span class='ocr_line' id='line_1_9' title="bbox 54 1081 1109 1165; baseline -0.002 -18"><span class='ocrx_word' id='word_1_66' title='bbox 54 1081 177 1165; x_wconf 81' lang='lat' dir='ltr'>3Cujus</span> <span class='ocrx_word' id='word_1_67' title='bbox 202 1084 269 1145; x_wconf 95' lang='lat' dir='ltr'>loci</span> <span class='ocrx_word' id='word_1_68' title='bbox 293 1082 374 1144; x_wconf 90' lang='lat' dir='ltr'>haec</span> <span class='ocrx_word' id='word_1_69' title='bbox 398 1091 468 1143; x_wconf 88' lang='lat' dir='ltr'>erat</span> <span class='ocrx_word' id='word_1_70' title='bbox 500 1093 626 1155; x_wconf 90' lang='lat' dir='ltr'>natura,</span> <span class='ocrx_word' id='word_1_71' title='bbox 652 1092 751 1163; x_wconf 91' lang='lat' dir='ltr'>atque</span> <span class='ocrx_word' id='word_1_72' title='bbox 783 1083 830 1145; x_wconf 89' lang='lat' dir='ltr'>ita</span> <span class='ocrx_word' id='word_1_73' title='bbox 860 1086 1029 1146; x_wconf 91' lang='lat' dir='ltr'>montibus</span> <span class='ocrx_word' id='word_1_74' title='bbox 1054 1105 1109 1147; x_wconf 90' lang='lat' dir='ltr'>an-</span> 
     </span>
     <span class='ocr_line' id='line_1_10' title="bbox 55 1179 1106 1263; baseline -0.001 -19"><span class='ocrx_word' id='word_1_75' title='bbox 55 1182 157 1263; x_wconf 86' lang='lat' dir='ltr'>gustis</span> <span class='ocrx_word' id='word_1_76' title='bbox 180 1201 273 1244; x_wconf 86' lang='lat' dir='ltr'>mare</span> <span class='ocrx_word' id='word_1_77' title='bbox 298 1179 541 1253; x_wconf 86' lang='lat' dir='ltr'>continebatur,</span> <span class='ocrx_word' id='word_1_78' title='bbox 567 1179 615 1239; x_wconf 91' lang='lat' dir='ltr'>uti</span> <span class='ocrx_word' id='word_1_79' title='bbox 647 1200 687 1241; x_wconf 90' lang='lat' dir='ltr'>ex</span> <span class='ocrx_word' id='word_1_80' title='bbox 718 1179 799 1243; x_wconf 91' lang='lat' dir='ltr'>locis</span> <span class='ocrx_word' id='word_1_81' title='bbox 824 1182 1049 1263; x_wconf 89' lang='lat' dir='ltr'>superioribus</span> <span class='ocrx_word' id='word_1_82' title='bbox 1072 1182 1106 1243; x_wconf 95' lang='lat' dir='ltr'>in</span> 
     </span>
     <span class='ocr_line' id='line_1_11' title="bbox 55 1274 1152 1359; baseline 0 -20"><span class='ocrx_word' id='word_1_83' title='bbox 55 1281 127 1341; x_wconf 87' lang='lat' dir='ltr'>litus</span> <span class='ocrx_word' id='word_1_84' title='bbox 149 1280 256 1341; x_wconf 89' lang='lat' dir='ltr'>telum</span> <span class='ocrx_word' id='word_1_85' title='bbox 279 1276 368 1358; x_wconf 90' lang='lat' dir='ltr'>adigi</span> <span class='ocrx_word' id='word_1_86' title='bbox 399 1285 522 1358; x_wconf 88' lang='lat' dir='ltr'>posset.</span> <span class='ocrx_word' id='word_1_87' title='bbox 569 1274 698 1339; x_wconf 77' lang='lat' dir='ltr'>4Hune</span> <span class='ocrx_word' id='word_1_88' title='bbox 722 1278 763 1339; x_wconf 91' lang='lat' dir='ltr'>ad</span> <span class='ocrx_word' id='word_1_89' title='bbox 787 1280 1025 1359; x_wconf 87' lang='lat' dir='ltr'>egrediendum</span> <span class='ocrx_word' id='word_1_90' title='bbox 1054 1300 1107 1341; x_wconf 84' lang='lat' dir='ltr'>ne-</span> <span class='ocrx_word' id='word_1_91' title='bbox 1122 1305 1152 1339; x_wconf 92' lang='lat'>10</span> 
     </span>
     <span class='ocr_line' id='line_1_12' title="bbox 55 1373 1106 1459; baseline -0.002 -19"><span class='ocrx_word' id='word_1_92' title='bbox 55 1398 211 1459; x_wconf 88' lang='lat' dir='ltr'>quaquam</span> <span class='ocrx_word' id='word_1_93' title='bbox 256 1376 413 1436; x_wconf 91' lang='lat' dir='ltr'>idoneum</span> <span class='ocrx_word' id='word_1_94' title='bbox 452 1373 561 1436; x_wconf 91' lang='lat' dir='ltr'>locum</span> <span class='ocrx_word' id='word_1_95' title='bbox 603 1375 795 1449; x_wconf 71' lang='lat' dir='ltr'>arbitratus</span> <span class='ocrx_word' id='word_1_96' title='bbox 839 1377 917 1439; x_wconf 92' lang='lat' dir='ltr'>dum</span> <span class='ocrx_word' id='word_1_97' title='bbox 960 1378 1106 1458; x_wconf 86' lang='lat' dir='ltr'>reliquae</span> 
     </span>
     <span class='ocr_line' id='line_1_13' title="bbox 55 1472 1106 1545; baseline 0.001 -10"><span class='ocrx_word' id='word_1_98' title='bbox 55 1496 149 1537; x_wconf 86' lang='lat' dir='ltr'>naves</span> <span class='ocrx_word' id='word_1_99' title='bbox 180 1496 221 1537; x_wconf 90' lang='lat' dir='ltr'>eo</span> <span class='ocrx_word' id='word_1_100' title='bbox 254 1472 483 1545; x_wconf 90' lang='lat' dir='ltr'>convenirent,</span> <span class='ocrx_word' id='word_1_101' title='bbox 516 1472 557 1533; x_wconf 90' lang='lat' dir='ltr'>ad</span> <span class='ocrx_word' id='word_1_102' title='bbox 596 1472 711 1534; x_wconf 89' lang='lat' dir='ltr'>horam</span> <span class='ocrx_word' id='word_1_103' title='bbox 750 1493 871 1535; x_wconf 89' lang='lat' dir='ltr'>nonam</span> <span class='ocrx_word' id='word_1_104' title='bbox 910 1474 944 1535; x_wconf 93' lang='lat' dir='ltr'>in</span> <span class='ocrx_word' id='word_1_105' title='bbox 976 1475 1106 1536; x_wconf 88' lang='lat' dir='ltr'>ancoris</span> 
     </span>
     <span class='ocr_line' id='line_1_14' title="bbox 55 1565 1105 1653; baseline 0 -20"><span class='ocrx_word' id='word_1_106' title='bbox 55 1572 262 1653; x_wconf 85' lang='lat' dir='ltr'>exspectavit.</span> <span class='ocrx_word' id='word_1_107' title='bbox 339 1565 513 1645; x_wconf 78' lang='lat' dir='ltr'>⁵Interim,</span> <span class='ocrx_word' id='word_1_108' title='bbox 553 1569 673 1650; x_wconf 90' lang='lat' dir='ltr'>legatis</span> <span class='ocrx_word' id='word_1_109' title='bbox 717 1570 925 1653; x_wconf 85' lang='lat' dir='ltr'>tribunisque</span> <span class='ocrx_word' id='word_1_110' title='bbox 963 1572 1105 1633; x_wconf 89' lang='lat' dir='ltr'>militurn</span> 
     </span>
     <span class='ocr_line' id='line_1_15' title="bbox 55 1665 1106 1750; baseline 0.001 -20"><span class='ocrx_word' id='word_1_111' title='bbox 55 1670 251 1749; x_wconf 70' lang='lat' dir='ltr'>cmrvocatis</span> <span class='ocrx_word' id='word_1_112' title='bbox 284 1678 318 1729; x_wconf 89' lang='lat' dir='ltr'>et</span> <span class='ocrx_word' id='word_1_113' title='bbox 350 1686 434 1748; x_wconf 91' lang='lat' dir='ltr'>quae</span> <span class='ocrx_word' id='word_1_114' title='bbox 466 1686 506 1727; x_wconf 88' lang='lat' dir='ltr'>ex</span> <span class='ocrx_word' id='word_1_115' title='bbox 536 1665 708 1729; x_wconf 90' lang='lat' dir='ltr'>Voluseno</span> <span class='ocrx_word' id='word_1_116' title='bbox 739 1678 918 1749; x_wconf 85' lang='lat' dir='ltr'>cognosset</span> <span class='ocrx_word' id='word_1_117' title='bbox 950 1678 984 1731; x_wconf 91' lang='lat' dir='ltr'>et</span> <span class='ocrx_word' id='word_1_118' title='bbox 1023 1689 1106 1750; x_wconf 90' lang='lat' dir='ltr'>quae</span> 
     </span>
     <span class='ocr_line' id='line_1_16' title="bbox 56 1763 1148 1845; baseline -0.003 -17"><span class='ocrx_word' id='word_1_119' title='bbox 56 1769 118 1830; x_wconf 89' lang='lat' dir='ltr'>lieri</span> <span class='ocrx_word' id='word_1_120' title='bbox 142 1769 244 1831; x_wconf 90' lang='lat' dir='ltr'>vellet</span> <span class='ocrx_word' id='word_1_121' title='bbox 277 1764 434 1837; x_wconf 88' lang='lat' dir='ltr'>ostendit,</span> <span class='ocrx_word' id='word_1_122' title='bbox 459 1763 654 1845; x_wconf 89' lang='lat' dir='ltr'>monuitque</span> <span class='ocrx_word' id='word_1_123' title='bbox 687 1774 722 1827; x_wconf 93' lang='lat' dir='ltr'>ut</span> <span class='ocrx_word' id='word_1_124' title='bbox 753 1765 801 1827; x_wconf 90' lang='lat' dir='ltr'>rei</span> <span class='ocrx_word' id='word_1_125' title='bbox 824 1766 977 1829; x_wconf 89' lang='lat' dir='ltr'>militaris</span> <span class='ocrx_word' id='word_1_126' title='bbox 1009 1767 1104 1840; x_wconf 92' lang='lat' dir='ltr'>ratio,</span> <span class='ocrx_word' id='word_1_127' title='bbox 1121 1789 1148 1839; x_wconf 85' lang='lat'>15</span> 
     </span>
     <span class='ocr_line' id='line_1_17' title="bbox 55 1860 1107 1945; baseline 0 -20"><span class='ocrx_word' id='word_1_128' title='bbox 55 1865 188 1927; x_wconf 88' lang='lat' dir='ltr'>maxime</span> <span class='ocrx_word' id='word_1_129' title='bbox 217 1875 255 1926; x_wconf 87' lang='lat' dir='ltr'>ut</span> <span class='ocrx_word' id='word_1_130' title='bbox 287 1860 470 1922; x_wconf 88' lang='lat' dir='ltr'>maritimae</span> <span class='ocrx_word' id='word_1_131' title='bbox 501 1880 554 1922; x_wconf 88' lang='lat' dir='ltr'>res</span> <span class='ocrx_word' id='word_1_132' title='bbox 585 1861 793 1941; x_wconf 77' lang='lat' dir='ltr'>postularent</span> <span class='ocrx_word' id='word_1_133' title='bbox 828 1864 876 1943; x_wconf 83' lang='lat' dir='ltr'>(ut</span> <span class='ocrx_word' id='word_1_134' title='bbox 909 1884 992 1945; x_wconf 90' lang='lat' dir='ltr'>quae</span> <span class='ocrx_word' id='word_1_135' title='bbox 1024 1864 1107 1925; x_wconf 88' lang='lat' dir='ltr'>eele-</span> 
     </span>
     <span class='ocr_line' id='line_1_18' title="bbox 56 1957 1105 2045; baseline 0.001 -23"><span class='ocrx_word' id='word_1_136' title='bbox 56 1984 118 2025; x_wconf 88' lang='lat' dir='ltr'>rcm</span> <span class='ocrx_word' id='word_1_137' title='bbox 143 1973 245 2045; x_wconf 88' lang='lat' dir='ltr'>atque</span> <span class='ocrx_word' id='word_1_138' title='bbox 273 1957 465 2021; x_wconf 87' lang='lat' dir='ltr'>instabilem</span> <span class='ocrx_word' id='word_1_139' title='bbox 491 1968 619 2020; x_wconf 88' lang='lat' dir='ltr'>motum</span> <span class='ocrx_word' id='word_1_140' title='bbox 648 1959 833 2040; x_wconf 84' lang='lat' dir='ltr'>haberent),</span> <span class='ocrx_word' id='word_1_141' title='bbox 858 1962 899 2023; x_wconf 89' lang='lat' dir='ltr'>ad</span> <span class='ocrx_word' id='word_1_142' title='bbox 926 1971 1044 2022; x_wconf 89' lang='lat' dir='ltr'>nutum</span> <span class='ocrx_word' id='word_1_143' title='bbox 1072 1972 1105 2023; x_wconf 90' lang='lat' dir='ltr'>et</span> 
     </span>
     <span class='ocr_line' id='line_1_19' title="bbox 55 2055 1106 2140; baseline 0 -20"><span class='ocrx_word' id='word_1_144' title='bbox 55 2062 91 2121; x_wconf 91' lang='lat' dir='ltr'>ad</span> <span class='ocrx_word' id='word_1_145' title='bbox 120 2071 254 2140; x_wconf 82' lang='lat' dir='ltr'>tempus</span> <span class='ocrx_word' id='word_1_146' title='bbox 286 2075 404 2118; x_wconf 91' lang='lat' dir='ltr'>omnes</span> <span class='ocrx_word' id='word_1_147' title='bbox 428 2075 480 2117; x_wconf 87' lang='lat' dir='ltr'>res</span> <span class='ocrx_word' id='word_1_148' title='bbox 504 2056 546 2116; x_wconf 87' lang='lat' dir='ltr'>ab</span> <span class='ocrx_word' id='word_1_149' title='bbox 570 2055 611 2117; x_wconf 92' lang='lat' dir='ltr'>iis</span> <span class='ocrx_word' id='word_1_150' title='bbox 634 2056 955 2122; x_wconf 89' lang='lat' dir='ltr'>administrarentur.</span> <span class='ocrx_word' id='word_1_151' title='bbox 1017 2056 1106 2121; x_wconf 78' lang='lat' dir='ltr'>⁶His</span> 
     </span>
     <span class='ocr_line' id='line_1_20' title="bbox 55 2156 1105 2235; baseline 0.001 -18"><span class='ocrx_word' id='word_1_152' title='bbox 55 2156 201 2232; x_wconf 69' lang='lat' dir='ltr'>dimissis</span> <span class='ocrx_word' id='word_1_153' title='bbox 239 2167 272 2218; x_wconf 92' lang='lat' dir='ltr'>et</span> <span class='ocrx_word' id='word_1_154' title='bbox 303 2166 439 2218; x_wconf 89' lang='lat' dir='ltr'>ventum</span> <span class='ocrx_word' id='word_1_155' title='bbox 482 2161 516 2215; x_wconf 89' lang='lat' dir='ltr'>et</span> <span class='ocrx_word' id='word_1_156' title='bbox 547 2162 677 2214; x_wconf 89' lang='lat' dir='ltr'>aestum</span> <span class='ocrx_word' id='word_1_157' title='bbox 709 2175 774 2216; x_wconf 90' lang='lat' dir='ltr'>uno</span> <span class='ocrx_word' id='word_1_158' title='bbox 805 2164 955 2235; x_wconf 90' lang='lat' dir='ltr'>ternpore</span> <span class='ocrx_word' id='word_1_159' title='bbox 987 2165 1105 2218; x_wconf 88' lang='lat' dir='ltr'>nactus</span> 
     </span>
     <span class='ocr_line' id='line_1_21' title="bbox 19 2249 1151 2330; baseline -0.005 -15"><span class='ocrx_word' id='word_1_160' title='bbox 19 2316 29 2323; x_wconf 72' lang='grc'>,</span> <span class='ocrx_word' id='word_1_161' title='bbox 56 2256 242 2327; x_wconf 89' lang='lat' dir='ltr'>secundum,</span> <span class='ocrx_word' id='word_1_162' title='bbox 261 2252 340 2313; x_wconf 91' lang='lat' dir='ltr'>dato</span> <span class='ocrx_word' id='word_1_163' title='bbox 364 2250 461 2330; x_wconf 88' lang='lat' dir='ltr'>signo</span> <span class='ocrx_word' id='word_1_164' title='bbox 482 2259 516 2311; x_wconf 93' lang='lat' dir='ltr'>et</span> <span class='ocrx_word' id='word_1_165' title='bbox 540 2249 680 2312; x_wconf 89' lang='lat' dir='ltr'>sublatis</span> <span class='ocrx_word' id='word_1_166' title='bbox 704 2252 844 2326; x_wconf 71' lang='lat' dir='ltr'>ancoris</span> <span class='ocrx_word' id='word_1_167' title='bbox 862 2253 993 2315; x_wconf 87' lang='lat' dir='ltr'>circiter</span> <span class='ocrx_word' id='word_1_168' title='bbox 1017 2254 1151 2316; x_wconf 88' lang='lat' dir='ltr'>milia20</span> 
     </span>
     <span class='ocr_line' id='line_1_22' title="bbox 56 2345 1105 2430; baseline -0.001 -17"><span class='ocrx_word' id='word_1_169' title='bbox 56 2372 206 2429; x_wconf 88' lang='lat' dir='ltr'>passuum</span> <span class='ocrx_word' id='word_1_170' title='bbox 239 2358 369 2428; x_wconf 89' lang='lat' dir='ltr'>septem</span> <span class='ocrx_word' id='word_1_171' title='bbox 408 2347 449 2408; x_wconf 90' lang='lat' dir='ltr'>ab</span> <span class='ocrx_word' id='word_1_172' title='bbox 487 2366 528 2410; x_wconf 92' lang='lat' dir='ltr'>eo</span> <span class='ocrx_word' id='word_1_173' title='bbox 565 2345 638 2409; x_wconf 92' lang='lat' dir='ltr'>loco</span> <span class='ocrx_word' id='word_1_174' title='bbox 667 2368 882 2429; x_wconf 68' lang='lat' dir='ltr'>progressus</span> <span class='ocrx_word' id='word_1_175' title='bbox 914 2360 1029 2430; x_wconf 89' lang='lat' dir='ltr'>aperto</span> <span class='ocrx_word' id='word_1_176' title='bbox 1068 2371 1105 2412; x_wconf 92' lang='lat' dir='ltr'>ac</span> 
     </span>
     <span class='ocr_line' id='line_1_23' title="bbox 55 2443 604 2527; baseline -0.004 -19"><span class='ocrx_word' id='word_1_177' title='bbox 55 2448 145 2527; x_wconf 92' lang='lat' dir='ltr'>plano</span> <span class='ocrx_word' id='word_1_178' title='bbox 170 2449 269 2509; x_wconf 92' lang='lat' dir='ltr'>litore</span> <span class='ocrx_word' id='word_1_179' title='bbox 293 2464 396 2507; x_wconf 88' lang='lat' dir='ltr'>naves</span> <span class='ocrx_word' id='word_1_180' title='bbox 420 2443 604 2507; x_wconf 87' lang='lat' dir='ltr'>constituit.</span> 
     </span>
    </p>

    <p class='ocr_par' dir='ltr' id='par_1_3' title="bbox 54 2541 1164 3894">
     <span class='ocr_line' id='line_1_24' title="bbox 94 2541 1106 2625; baseline 0.001 -18"><span class='ocrx_word' id='word_1_181' title='bbox 94 2564 140 2624; x_wconf 86' lang='lat'>24.</span> <span class='ocrx_word' id='word_1_182' title='bbox 166 2546 218 2607; x_wconf 87' lang='lat' dir='ltr'>At</span> <span class='ocrx_word' id='word_1_183' title='bbox 250 2541 392 2616; x_wconf 87' lang='lat' dir='ltr'>barbari,</span> <span class='ocrx_word' id='word_1_184' title='bbox 417 2541 556 2604; x_wconf 92' lang='lat' dir='ltr'>consilio</span> <span class='ocrx_word' id='word_1_185' title='bbox 581 2541 808 2605; x_wconf 85' lang='lat' dir='ltr'>Romanorum</span> <span class='ocrx_word' id='word_1_186' title='bbox 841 2544 984 2625; x_wconf 90' lang='lat' dir='ltr'>cognito,</span> <span class='ocrx_word' id='word_1_187' title='bbox 1016 2564 1106 2625; x_wconf 90' lang='lat' dir='ltr'>prae·</span> 
     </span>
     <span class='ocr_line' id='line_1_25' title="bbox 55 2638 1105 2723; baseline -0.001 -20"><span class='ocrx_word' id='word_1_188' title='bbox 55 2644 149 2705; x_wconf 91' lang='lat' dir='ltr'>misso</span> <span class='ocrx_word' id='word_1_189' title='bbox 176 2642 331 2723; x_wconf 90' lang='lat' dir='ltr'>equitatu</span> <span class='ocrx_word' id='word_1_190' title='bbox 346 2649 381 2701; x_wconf 90' lang='lat' dir='ltr'>et</span> <span class='ocrx_word' id='word_1_191' title='bbox 409 2638 595 2712; x_wconf 72' lang='lat' dir='ltr'>essedariis</span> <span class='ocrx_word' id='word_1_192' title='bbox 613 2659 678 2720; x_wconf 93' lang='lat' dir='ltr'>quo</span> <span class='ocrx_word' id='word_1_193' title='bbox 705 2640 899 2721; x_wconf 89' lang='lat' dir='ltr'>plerumque</span> <span class='ocrx_word' id='word_1_194' title='bbox 920 2660 1044 2722; x_wconf 85' lang='lat' dir='ltr'>genere</span> <span class='ocrx_word' id='word_1_195' title='bbox 1072 2642 1105 2702; x_wconf 91' lang='lat' dir='ltr'>in</span> 
     </span>
     <span class='ocr_line' id='line_1_26' title="bbox 55 2736 1148 2819; baseline -0.004 -19"><span class='ocrx_word' id='word_1_196' title='bbox 55 2742 181 2819; x_wconf 89' lang='lat' dir='ltr'>proeliis</span> <span class='ocrx_word' id='word_1_197' title='bbox 210 2739 261 2801; x_wconf 91' lang='lat' dir='ltr'>uti</span> <span class='ocrx_word' id='word_1_198' title='bbox 287 2745 500 2811; x_wconf 90' lang='lat' dir='ltr'>consuerunt,</span> <span class='ocrx_word' id='word_1_199' title='bbox 526 2736 660 2817; x_wconf 89' lang='lat' dir='ltr'>reliquis</span> <span class='ocrx_word' id='word_1_200' title='bbox 688 2737 793 2818; x_wconf 88' lang='lat' dir='ltr'>copiis</span> <span class='ocrx_word' id='word_1_201' title='bbox 827 2738 1007 2813; x_wconf 84' lang='lat' dir='ltr'>subsecuti,</span> <span class='ocrx_word' id='word_1_202' title='bbox 1033 2759 1148 2812; x_wconf 88' lang='lat' dir='ltr'>nos-25</span> 
     </span>
     <span class='ocr_line' id='line_1_27' title="bbox 54 2830 1106 2915; baseline 0.001 -18"><span class='ocrx_word' id='word_1_203' title='bbox 54 2847 117 2900; x_wconf 86' lang='lat' dir='ltr'>tros</span> <span class='ocrx_word' id='word_1_204' title='bbox 140 2837 283 2900; x_wconf 90' lang='lat' dir='ltr'>navibus</span> <span class='ocrx_word' id='word_1_205' title='bbox 307 2833 421 2915; x_wconf 90' lang='lat' dir='ltr'>egredi</span> <span class='ocrx_word' id='word_1_206' title='bbox 445 2833 676 2913; x_wconf 90' lang='lat' dir='ltr'>prohibebant.</span> <span class='ocrx_word' id='word_1_207' title='bbox 723 2830 830 2897; x_wconf 78' lang='lat' dir='ltr'>²Erat</span> <span class='ocrx_word' id='word_1_208' title='bbox 848 2835 890 2898; x_wconf 95' lang='lat' dir='ltr'>ob</span> <span class='ocrx_word' id='word_1_209' title='bbox 912 2836 971 2897; x_wconf 88' lang='lat' dir='ltr'>has</span> <span class='ocrx_word' id='word_1_210' title='bbox 988 2856 1106 2898; x_wconf 90' lang='lat' dir='ltr'>causas</span> 
     </span>
     <span class='ocr_line' id='line_1_28' title="bbox 56 2924 1106 3014; baseline 0.001 -18"><span class='ocrx_word' id='word_1_211' title='bbox 56 2956 177 2998; x_wconf 86' lang='lat' dir='ltr'>summa</span> <span class='ocrx_word' id='word_1_212' title='bbox 208 2933 397 3005; x_wconf 74' lang='lat' dir='ltr'>difficultas</span> <span class='ocrx_word' id='word_1_213' title='bbox 422 2931 510 3012; x_wconf 91' lang='lat' dir='ltr'>quod</span> <span class='ocrx_word' id='word_1_214' title='bbox 542 2950 643 2993; x_wconf 88' lang='lat' dir='ltr'>naves</span> <span class='ocrx_word' id='word_1_215' title='bbox 675 2942 811 3013; x_wconf 88' lang='lat' dir='ltr'>propter</span> <span class='ocrx_word' id='word_1_216' title='bbox 840 2924 1106 3014; x_wconf 88' lang='lat' dir='ltr'>magnitudinem</span> 
     </span>
     <span class='ocr_line' id='line_1_29' title="bbox 56 3028 1104 3107; baseline -0.001 -14"><span class='ocrx_word' id='word_1_217' title='bbox 56 3033 113 3094; x_wconf 91' lang='lat' dir='ltr'>nisi</span> <span class='ocrx_word' id='word_1_218' title='bbox 137 3034 170 3095; x_wconf 94' lang='lat' dir='ltr'>in</span> <span class='ocrx_word' id='word_1_219' title='bbox 195 3033 263 3094; x_wconf 89' lang='lat' dir='ltr'>alto</span> <span class='ocrx_word' id='word_1_220' title='bbox 296 3028 458 3092; x_wconf 90' lang='lat' dir='ltr'>constitui</span> <span class='ocrx_word' id='word_1_221' title='bbox 490 3048 557 3090; x_wconf 92' lang='lat' dir='ltr'>non</span> <span class='ocrx_word' id='word_1_222' title='bbox 589 3038 767 3107; x_wconf 89' lang='lat' dir='ltr'>poterant;</span> <span class='ocrx_word' id='word_1_223' title='bbox 791 3030 952 3092; x_wconf 89' lang='lat' dir='ltr'>militibus</span> <span class='ocrx_word' id='word_1_224' title='bbox 983 3040 1104 3106; x_wconf 86' lang='lat' dir='ltr'>autem,</span> 
     </span>
     <span class='ocr_line' id='line_1_30' title="bbox 56 3125 1105 3211; baseline 0.002 -22"><span class='ocrx_word' id='word_1_225' title='bbox 56 3130 174 3211; x_wconf 88' lang='lat' dir='ltr'>ignotis</span> <span class='ocrx_word' id='word_1_226' title='bbox 198 3129 291 3202; x_wconf 89' lang='lat' dir='ltr'>locis,</span> <span class='ocrx_word' id='word_1_227' title='bbox 310 3126 479 3207; x_wconf 91' lang='lat' dir='ltr'>impeditis</span> <span class='ocrx_word' id='word_1_228' title='bbox 504 3125 667 3200; x_wconf 80' lang='lat' dir='ltr'>manibuS,</span> <span class='ocrx_word' id='word_1_229' title='bbox 686 3147 807 3207; x_wconf 89' lang='lat' dir='ltr'>magno</span> <span class='ocrx_word' id='word_1_230' title='bbox 832 3137 865 3189; x_wconf 92' lang='lat' dir='ltr'>et</span> <span class='ocrx_word' id='word_1_231' title='bbox 890 3127 981 3208; x_wconf 86' lang='lat' dir='ltr'>gravi</span> <span class='ocrx_word' id='word_1_232' title='bbox 1005 3148 1105 3191; x_wconf 90' lang='lat' dir='ltr'>onere</span> 
     </span>
     <span class='ocr_line' id='line_1_31' title="bbox 56 3222 1150 3307; baseline -0.005 -19"><span class='ocrx_word' id='word_1_233' title='bbox 56 3248 214 3290; x_wconf 92' lang='lat' dir='ltr'>armorum</span> <span class='ocrx_word' id='word_1_234' title='bbox 238 3224 418 3307; x_wconf 90' lang='lat' dir='ltr'>oppressis,</span> <span class='ocrx_word' id='word_1_235' title='bbox 445 3222 542 3285; x_wconf 92' lang='lat' dir='ltr'>simul</span> <span class='ocrx_word' id='word_1_236' title='bbox 574 3232 608 3283; x_wconf 89' lang='lat' dir='ltr'>et</span> <span class='ocrx_word' id='word_1_237' title='bbox 639 3224 681 3285; x_wconf 90' lang='lat' dir='ltr'>de</span> <span class='ocrx_word' id='word_1_238' title='bbox 713 3225 853 3287; x_wconf 89' lang='lat' dir='ltr'>navibus</span> <span class='ocrx_word' id='word_1_239' title='bbox 884 3226 1105 3288; x_wconf 88' lang='lat' dir='ltr'>desiliendum</span> <span class='ocrx_word' id='word_1_240' title='bbox 1120 3248 1150 3298; x_wconf 90' lang='lat'>30</span> 
     </span>
     <span class='ocr_line' id='line_1_32' title="bbox 57 3321 1164 3405; baseline -0.001 -20"><span class='ocrx_word' id='word_1_241' title='bbox 57 3335 87 3386; x_wconf 92' lang='lat' dir='ltr'>et</span> <span class='ocrx_word' id='word_1_242' title='bbox 103 3326 135 3387; x_wconf 92' lang='lat' dir='ltr'>in</span> <span class='ocrx_word' id='word_1_243' title='bbox 151 3324 311 3387; x_wconf 91' lang='lat' dir='ltr'>fluctibus</span> <span class='ocrx_word' id='word_1_244' title='bbox 335 3321 588 3385; x_wconf 90' lang='lat' dir='ltr'>consistendum</span> <span class='ocrx_word' id='word_1_245' title='bbox 609 3330 644 3382; x_wconf 90' lang='lat' dir='ltr'>et</span> <span class='ocrx_word' id='word_1_246' title='bbox 668 3342 744 3384; x_wconf 90' lang='lat' dir='ltr'>eum</span> <span class='ocrx_word' id='word_1_247' title='bbox 760 3322 914 3387; x_wconf 90' lang='lat' dir='ltr'>hostibus</span> <span class='ocrx_word' id='word_1_248' title='bbox 931 3332 1003 3386; x_wconf 88' lang='lat' dir='ltr'>erat</span> <span class='ocrx_word' id='word_1_249' title='bbox 1028 3344 1107 3405; x_wconf 90' lang='lat' dir='ltr'>pug-</span> <span class='ocrx_word' id='word_1_250' title='bbox 1161 3350 1164 3357; x_wconf 89' lang='lat'>·</span> 
     </span>
     <span class='ocr_line' id='line_1_33' title="bbox 58 3417 1105 3503; baseline 0 -21"><span class='ocrx_word' id='word_1_251' title='bbox 58 3425 219 3497; x_wconf 91' lang='lat' dir='ltr'>nandum;</span> <span class='ocrx_word' id='word_1_252' title='bbox 244 3442 319 3484; x_wconf 92' lang='lat' dir='ltr'>cum</span> <span class='ocrx_word' id='word_1_253' title='bbox 343 3418 390 3480; x_wconf 94' lang='lat' dir='ltr'>illi</span> <span class='ocrx_word' id='word_1_254' title='bbox 413 3428 471 3480; x_wconf 89' lang='lat' dir='ltr'>aut</span> <span class='ocrx_word' id='word_1_255' title='bbox 495 3439 535 3479; x_wconf 89' lang='lat' dir='ltr'>ex</span> <span class='ocrx_word' id='word_1_256' title='bbox 558 3417 658 3493; x_wconf 90' lang='lat' dir='ltr'>arido,</span> <span class='ocrx_word' id='word_1_257' title='bbox 680 3430 737 3482; x_wconf 85' lang='lat' dir='ltr'>aut</span> <span class='ocrx_word' id='word_1_258' title='bbox 771 3421 904 3502; x_wconf 85' lang='lat' dir='ltr'>paulum</span> <span class='ocrx_word' id='word_1_259' title='bbox 929 3422 962 3483; x_wconf 91' lang='lat' dir='ltr'>in</span> <span class='ocrx_word' id='word_1_260' title='bbox 987 3441 1105 3503; x_wconf 88' lang='lat' dir='ltr'>aquam</span> 
     </span>
     <span class='ocr_line' id='line_1_34' title="bbox 59 3518 1104 3603; baseline 0 -22"><span class='ocrx_word' id='word_1_261' title='bbox 59 3522 226 3603; x_wconf 88' lang='lat' dir='ltr'>progressi,</span> <span class='ocrx_word' id='word_1_262' title='bbox 245 3518 399 3581; x_wconf 90' lang='lat' dir='ltr'>omnibus</span> <span class='ocrx_word' id='word_1_263' title='bbox 424 3519 582 3581; x_wconf 89' lang='lat' dir='ltr'>membris</span> <span class='ocrx_word' id='word_1_264' title='bbox 607 3520 782 3600; x_wconf 69' lang='lat' dir='ltr'>expeditis</span> <span class='ocrx_word' id='word_1_265' title='bbox 804 3520 989 3581; x_wconf 86' lang='lat' dir='ltr'>notissimis</span> <span class='ocrx_word' id='word_1_266' title='bbox 1012 3519 1104 3595; x_wconf 78' lang='lat' dir='ltr'>lociS,</span> 
     </span>
     <span class='ocr_line' id='line_1_35' title="bbox 59 3610 1106 3704; baseline 0.002 -28"><span class='ocrx_word' id='word_1_267' title='bbox 59 3620 207 3681; x_wconf 86' lang='lat' dir='ltr'>audacter</span> <span class='ocrx_word' id='word_1_268' title='bbox 238 3616 316 3704; x_wconf 58' lang='lat' dir='ltr'>tela⁸</span> <span class='ocrx_word' id='word_1_269' title='bbox 335 3616 538 3690; x_wconf 90' lang='lat' dir='ltr'>conicerent,</span> <span class='ocrx_word' id='word_1_270' title='bbox 563 3625 597 3678; x_wconf 91' lang='lat' dir='ltr'>et</span> <span class='ocrx_word' id='word_1_271' title='bbox 620 3637 724 3697; x_wconf 90' lang='lat' dir='ltr'>equos</span> <span class='ocrx_word' id='word_1_272' title='bbox 756 3613 961 3679; x_wconf 82' lang='lat' dir='ltr'>insuefactos</span> <span class='ocrx_word' id='word_1_273' title='bbox 993 3610 1106 3678; x_wconf 78' lang='lat' dir='ltr'>incita-</span> 
     </span>
     <span class='ocr_line' id='line_1_36' title="bbox 61 3713 1148 3802; baseline 0.001 -29"><span class='ocrx_word' id='word_1_274' title='bbox 61 3726 134 3779; x_wconf 89' lang='lat' dir='ltr'>rent.</span> <span class='ocrx_word' id='word_1_275' title='bbox 195 3713 354 3802; x_wconf 80' lang='lat' dir='ltr'>3Quibus</span> <span class='ocrx_word' id='word_1_276' title='bbox 385 3714 484 3775; x_wconf 92' lang='lat' dir='ltr'>rebus</span> <span class='ocrx_word' id='word_1_277' title='bbox 518 3714 625 3775; x_wconf 91' lang='lat' dir='ltr'>nostri</span> <span class='ocrx_word' id='word_1_278' title='bbox 663 3713 842 3795; x_wconf 80' lang='lat' dir='ltr'>perterriti,</span> <span class='ocrx_word' id='word_1_279' title='bbox 875 3724 974 3795; x_wconf 86' lang='lat' dir='ltr'>atque</span> <span class='ocrx_word' id='word_1_280' title='bbox 1006 3713 1105 3793; x_wconf 88' lang='lat' dir='ltr'>hujus</span> <span class='ocrx_word' id='word_1_281' title='bbox 1119 3734 1148 3786; x_wconf 85' lang='lat'>35</span> 
     </span>
     <span class='ocr_line' id='line_1_37' title="bbox 61 3809 1105 3894; baseline -0.005 -18"><span class='ocrx_word' id='word_1_282' title='bbox 61 3814 184 3881; x_wconf 77' lang='lat' dir='ltr'>omnino</span> <span class='ocrx_word' id='word_1_283' title='bbox 209 3811 342 3894; x_wconf 88' lang='lat' dir='ltr'>generis</span> <span class='ocrx_word' id='word_1_284' title='bbox 366 3831 498 3891; x_wconf 85' lang='lat' dir='ltr'>pugnae</span> <span class='ocrx_word' id='word_1_285' title='bbox 522 3810 676 3891; x_wconf 90' lang='lat' dir='ltr'>imperiti,</span> <span class='ocrx_word' id='word_1_286' title='bbox 702 3830 768 3872; x_wconf 90' lang='lat' dir='ltr'>non</span> <span class='ocrx_word' id='word_1_287' title='bbox 794 3810 909 3872; x_wconf 88' lang='lat' dir='ltr'>eadem</span> <span class='ocrx_word' id='word_1_288' title='bbox 933 3809 1105 3871; x_wconf 86' lang='lat' dir='ltr'>alacritate</span> 
     </span>
    </p>
   </div>
   <div class='ocr_carea' id='block_1_3' title="bbox 0 0 1339 4159">
    <p class='ocr_par' dir='ltr' id='par_1_4' title="bbox 0 0 1339 4159">
     <span class='ocr_line' id='line_1_38' title="bbox 0 0 1339 4159; baseline 0 0"><span class='ocrx_word' id='word_1_289' title='bbox 0 0 1339 4159; x_wconf 95' lang='lat' dir='ltr'> </span> 
     </span>
    </p>
   </div>
   <div class='ocr_carea' id='block_1_4' title="bbox 228 4087 235 4134">
    <p class='ocr_par' dir='ltr' id='par_1_5' title="bbox 228 4087 235 4134">
     <span class='ocr_line' id='line_1_39' title="bbox 228 4087 235 4134; baseline 0 0"><span class='ocrx_word' id='word_1_290' title='bbox 228 4087 235 4134; x_wconf 86' lang='lat' dir='ltr'>l</span> 
     </span>
    </p>
   </div>
  </div>
 </body>
</html>
