2667 4159
66 156 98 208 B·
114 154 152 207 G·
168 154 205 206 V·
222 153 282 225 58.]
323 156 490 219 Raslrners
505 156 576 219 and
588 155 695 217 Deatlr
710 156 751 237 os
759 155 1018 221 Indutiomarus.
1064 171 1122 237 117

64 350 236 426 habuerat,
253 349 387 413 nuntios
403 348 505 413 mittit
521 350 563 413 ad
580 347 735 411 finitimas
751 348 911 423 civitates,
927 350 1122 434 equitesque

64 451 211 533 undique
242 460 377 512 evocat:
418 449 469 513 his
500 462 627 514 certum
660 449 746 511 diem
780 449 998 512 conveniendi
1033 452 1120 519 dicit.

62 548 226 613 ³lnterim
252 571 353 632 prope
369 550 489 613 cotidie
505 570 580 614 cum
597 550 686 612 omni
704 550 855 633 equitatu
874 552 1120 623 Indutiomarus

62 652 125 713 sub
157 652 278 714 castris
308 650 381 733 ejus
413 651 602 733 vagabatur,
630 649 710 713 alias
744 662 778 714 ut
809 652 909 715 situm
938 670 1118 724 castrorum

62 762 292 833 cognosceret,
330 750 409 813 alias
448 750 654 834 colloquendi
693 763 750 814 aut
791 754 963 821 territandi
1002 783 1154 845 causa:5

62 851 191 934 equites
217 852 409 934 plerumque
425 871 539 913 omnes
563 851 628 915 tela
652 851 739 915 intra
754 853 875 920 vallum
901 861 1118 929 coniciebant,

60 949 256 1015 4Labienus
273 972 350 1015 suos
367 952 453 1015 intra
470 950 686 1015 munitionem
706 955 908 1036 continebat,
926 962 1119 1047 timorisque

60 1052 254 1134 opinionem
270 1052 532 1137 quibuscumque
548 1065 678 1135 poterat
698 1058 796 1121 rebus
814 1063 964 1144 augebat.

105 1155 158 1233 58.
184 1152 270 1216 Cum
295 1152 417 1235 majore
441 1152 570 1217 indies
594 1160 842 1242 contemptione
871 1164 1117 1229 Indutiomarus

59 1256 99 1317 ad
131 1266 244 1319 castra
273 1258 453 1332 accederet,
485 1268 582 1322 nocte
615 1280 689 1336 una,
720 1262 919 1328 intromissis
950 1267 1117 1349 equitibus
1139 1294 1168 1329 10

59 1355 211 1418 omnium
236 1355 449 1421 finitimarum
474 1359 656 1435 civitatum,
679 1383 762 1445 quos
787 1367 1003 1429 arcessendos
1026 1386 1117 1430 cura-

57 1468 163 1530 verat,
181 1466 275 1519 tauta
291 1457 462 1540 diligentia
486 1480 602 1524 omnes
626 1483 703 1526 suos
722 1465 882 1528 custodiis
906 1466 992 1530 intra
1008 1479 1117 1531 castra

58 1557 236 1633 continuit,
254 1570 290 1621 ut
307 1557 397 1623 nulla
413 1561 540 1625 ratione
557 1583 596 1627 ea
613 1584 665 1627 res
681 1565 845 1628 enuntiari
861 1576 917 1629 aut
934 1568 974 1629 ad
998 1568 1117 1632 Treve-

59 1678 111 1721 ros
144 1655 282 1740 perferri
313 1673 437 1742 posset.
483 1659 644 1728 ²Interim
673 1686 714 1729 ex
740 1668 976 1730 consuetudine
1005 1668 1117 1732 cotidi-

58 1779 122 1822 aua
148 1750 398 1824 Indutiomarus
422 1764 464 1826 ad
488 1775 595 1829 castra
618 1766 753 1842 accedit,
770 1775 867 1851 atque
892 1767 936 1830 ibi
961 1788 1114 1850 magnam
1139 1790 1165 1841 ¹5

57 1872 189 1945 partem
216 1861 280 1924 diei
305 1864 490 1939 consumit;
513 1864 641 1948 equites
666 1866 732 1930 tela
747 1867 923 1943 coniciunt,
940 1879 972 1931 et
997 1889 1116 1951 magna

58 1984 131 2025 cum
158 1964 361 2027 contumelia
383 1966 557 2028 verborum
583 1978 714 2030 nostros
733 1968 774 2030 ad
798 1988 941 2051 pugnam
965 1982 1113 2033 evocant.

59 2065 161 2128 Nullo
180 2066 224 2129 ab
247 2067 371 2130 nostris
394 2067 471 2131 dato
496 2088 664 2149 responso,
681 2068 737 2130 ubi
760 2068 867 2131 visum
891 2080 941 2133 est
965 2070 1025 2133 sub
1044 2092 1115 2133 ves·

57 2188 174 2250 perum
192 2168 333 2251 dispersi
345 2188 384 2232 ac
397 2169 546 2250 dissipati
559 2168 743 2232 discedunt.
789 2166 929 2233 3Subito
947 2170 1113 2235 Labienus

59 2270 186 2334 duabus
204 2272 309 2354 portis
325 2289 456 2333 omnem
474 2268 655 2352 equitatum
674 2269 817 2346 emittit3
841 2270 999 2352 praecipit
1016 2282 1114 2354 atque
1135 2302 1163 2336 20

59 2371 235 2447 interdicit,
253 2371 438 2454 proterritis
462 2370 614 2434 hostibus
638 2381 737 2454 atque
762 2370 795 2433 in
819 2368 929 2452 lugam
954 2370 1113 2453 conjectis

60 2474 158 2556 (quod
184 2472 253 2536 fore
270 2473 356 2536 sicut
379 2472 500 2536 accidit
523 2458 681 2553 videbat),
698 2490 799 2534 unum
825 2492 940 2535 omnes
965 2482 1114 2553 peterent

60 2574 345 2652 Indutiomarum;
377 2595 441 2637 neu
469 2574 543 2657 quis
575 2594 672 2655 quem
705 2572 796 2654 prius
827 2571 987 2648 vulneret,
1015 2594 1111 2655 quam

59 2674 148 2737 illum
165 2674 378 2739 interiectum
394 2676 522 2750 viderit,
540 2674 629 2758 quod
646 2694 738 2736 mora
754 2672 951 2756 reliquorum
970 2674 1111 2753 spatium

60 2785 190 2839 nactum
216 2775 308 2839 illum
334 2776 479 2857 effugere
502 2776 653 2840 nolebat:
679 2794 798 2855 magna
821 2773 975 2855 proponit
996 2773 1036 2836 iis
1057 2774 1112 2857 qui
1133 2801 1157 2851 ²5

61 2876 238 2940 occiderint
269 2876 436 2957 praemia;
467 2876 633 2940 submittit
660 2875 814 2937 cohortes
842 2873 1008 2955 equitibus
1036 2875 1112 2937 sub·

62 2974 147 3040 sidio.
193 2974 421 3058 4Comprobat
444 2977 586 3039 hominis
603 2975 777 3039 consilium
802 2972 956 3048 fortuna3
979 2985 1012 3038 et
1035 2994 1108 3037 cum

62 3096 156 3140 unum
172 3097 292 3140 omnes
309 3088 467 3159 peterent,
484 3077 517 3139 in
534 3078 606 3158 ipso
623 3076 769 3139 fluminis
786 3076 869 3137 vado
885 3076 1109 3157 deprehensus

66 3174 305 3241 indutiomarus
329 3177 534 3253 interficitur,
550 3191 715 3262 caputque
739 3177 810 3259 ejus
830 3175 968 3240 refertur
989 3176 1022 3239 in
1040 3197 1109 3239 cas-

65 3288 123 3339 tra:
145 3280 326 3342 redeuntes
343 3278 471 3361 equites
488 3300 570 3362 quos
594 3292 734 3361 possunt
759 3288 993 3343 consectantur
1011 3288 1109 3360 atque
1128 3311 1158 3361 30

65 3378 214 3444 occidunt.
265 3379 342 3441 Hac
364 3399 398 3441 re
421 3381 562 3462 cognita,
580 3401 695 3444 omnes
722 3381 914 3443 Eburonum
933 3389 966 3441 et
992 3377 1108 3441 Nervi-

65 3496 146 3542 orum
180 3500 268 3564 quae
305 3492 528 3543 convenerant
563 3482 676 3562 copiae
712 3483 907 3556 disceduut;
944 3477 1108 3561 pauloque

65 3575 165 3643 habuit
180 3592 257 3663 post
275 3579 310 3642 id
326 3577 448 3644 factum
467 3580 590 3644 Caesar
605 3582 797 3665 quietiorem
816 3581 965 3645 Galliam.
