<?xml version="1.0" encoding="UTF-8"?>
<!DOCTYPE html PUBLIC "-//W3C//DTD XHTML 1.0 Transitional//EN"
    "http://www.w3.org/TR/xhtml1/DTD/xhtml1-transitional.dtd">
<html xmlns="http://www.w3.org/1999/xhtml" xml:lang="en" lang="en">
 <head>
  <title>
</title>
<meta http-equiv="Content-Type" content="text/html;charset=utf-8" />
  <meta name='ocr-system' content='tesseract 3.04.00' />
  <meta name='ocr-capabilities' content='ocr_page ocr_carea ocr_par ocr_line ocrx_word'/>
</head>
<body>
  <div class='ocr_page' id='page_1' title='image "./caesarsgallicwa01greegoog_0056.png"; bbox 0 0 2667 4159; ppageno 0'>
   <div class='ocr_carea' id='block_1_1' title="bbox 169 172 1274 258">
    <p class='ocr_par' dir='ltr' id='par_1_1' title="bbox 169 172 1274 258">
     <span class='ocr_line' id='line_1_1' title="bbox 169 172 1274 258; baseline 0.006 -26"><span class='ocrx_word' id='word_1_1' title='bbox 169 189 213 250; x_wconf 84' lang='lat'><strong>24</strong></span> <span class='ocrx_word' id='word_1_2' title='bbox 383 173 449 236; x_wconf 80' lang='lat' dir='ltr'><strong>Tlre</strong></span> <span class='ocrx_word' id='word_1_3' title='bbox 475 173 657 258; x_wconf 65' lang='lat' dir='ltr'><strong>Carrqtar&#39;gn</strong></span> <span class='ocrx_word' id='word_1_4' title='bbox 680 175 816 258; x_wconf 80' lang='lat' dir='ltr'><em>against</em></span> <span class='ocrx_word' id='word_1_5' title='bbox 836 172 1038 237; x_wconf 81' lang='lat' dir='ltr'><strong>Ariovistus.</strong></span> <span class='ocrx_word' id='word_1_6' title='bbox 1156 186 1274 256; x_wconf 73' lang='lat' dir='ltr'><strong>[Casan</strong></span> 
     </span>
    </p>
   </div>
   <div class='ocr_carea' id='block_1_2' title="bbox 103 361 1326 3864">
    <p class='ocr_par' dir='ltr' id='par_1_2' title="bbox 103 361 1326 3864">
     <span class='ocr_line' id='line_1_2' title="bbox 212 361 1274 452; baseline -0.004 -24"><span class='ocrx_word' id='word_1_7' title='bbox 212 385 510 452; x_wconf 88' lang='lat' dir='ltr'><strong>-saepenumero</strong></span> <span class='ocrx_word' id='word_1_8' title='bbox 542 387 617 430; x_wconf 89' lang='lat' dir='ltr'><strong>sese</strong></span> <span class='ocrx_word' id='word_1_9' title='bbox 649 361 725 430; x_wconf 88' lang='lat' dir='ltr'><strong>cum</strong></span> <span class='ocrx_word' id='word_1_10' title='bbox 757 365 809 429; x_wconf 92' lang='lat' dir='ltr'><strong>his</strong></span> <span class='ocrx_word' id='word_1_11' title='bbox 840 385 1040 447; x_wconf 89' lang='lat' dir='ltr'><strong>congressos</strong></span> <span class='ocrx_word' id='word_1_12' title='bbox 1071 383 1114 426; x_wconf 92' lang='lat' dir='ltr'><strong>ne</strong></span> <span class='ocrx_word' id='word_1_13' title='bbox 1146 362 1274 425; x_wconf 89' lang='lat' dir='ltr'><strong>vultum</strong></span> 
     </span>
     <span class='ocr_line' id='line_1_3' title="bbox 213 460 1274 545; baseline -0.002 -20"><span class='ocrx_word' id='word_1_14' title='bbox 213 464 346 545; x_wconf 91' lang='lat' dir='ltr'><strong>quidem</strong></span> <span class='ocrx_word' id='word_1_15' title='bbox 372 474 471 545; x_wconf 87' lang='lat' dir='ltr'><strong>atque</strong></span> <span class='ocrx_word' id='word_1_16' title='bbox 495 465 600 527; x_wconf 88' lang='lat' dir='ltr'>aciem</span> <span class='ocrx_word' id='word_1_17' title='bbox 625 465 797 526; x_wconf 90' lang='lat' dir='ltr'><strong>oculorum</strong></span> <span class='ocrx_word' id='word_1_18' title='bbox 821 463 978 526; x_wconf 83' lang='lat' dir='ltr'>dicebant</span> <span class='ocrx_word' id='word_1_19' title='bbox 1004 460 1092 525; x_wconf 80' lang='lat' dir='ltr'><strong>ferre</strong></span> <span class='ocrx_word' id='word_1_20' title='bbox 1115 462 1274 542; x_wconf 90' lang='lat' dir='ltr'><strong>potuisse,</strong></span> 
     </span>
     <span class='ocr_line' id='line_1_4' title="bbox 212 558 1275 640; baseline -0.003 -18"><span class='ocrx_word' id='word_1_21' title='bbox 212 570 382 623; x_wconf 83' lang='lat' dir='ltr'><strong>—tantus</strong></span> <span class='ocrx_word' id='word_1_22' title='bbox 408 561 519 622; x_wconf 92' lang='lat' dir='ltr'><strong>subito</strong></span> <span class='ocrx_word' id='word_1_23' title='bbox 544 561 644 625; x_wconf 87' lang='lat' dir='ltr'><strong>timor</strong></span> <span class='ocrx_word' id='word_1_24' title='bbox 668 580 803 624; x_wconf 93' lang='lat' dir='ltr'><strong>omnem</strong></span> <span class='ocrx_word' id='word_1_25' title='bbox 827 559 1010 622; x_wconf 86' lang='lat' dir='ltr'><strong>exercitum</strong></span> <span class='ocrx_word' id='word_1_26' title='bbox 1034 558 1220 640; x_wconf 89' lang='lat' dir='ltr'><strong>occupavit,</strong></span> <span class='ocrx_word' id='word_1_27' title='bbox 1242 569 1275 619; x_wconf 90' lang='lat' dir='ltr'><strong>ut</strong></span> 
     </span>
     <span class='ocr_line' id='line_1_5' title="bbox 214 655 1276 738; baseline -0.004 -17"><span class='ocrx_word' id='word_1_28' title='bbox 214 680 281 721; x_wconf 92' lang='lat' dir='ltr'><strong>non</strong></span> <span class='ocrx_word' id='word_1_29' title='bbox 318 659 531 721; x_wconf 84' lang='lat' dir='ltr'>mediocriter</span> <span class='ocrx_word' id='word_1_30' title='bbox 567 659 715 721; x_wconf 93' lang='lat' dir='ltr'><strong>omnium</strong></span> <span class='ocrx_word' id='word_1_31' title='bbox 753 666 886 720; x_wconf 86' lang='lat' dir='ltr'><strong>mentes</strong></span> <span class='ocrx_word' id='word_1_32' title='bbox 920 655 1115 738; x_wconf 90' lang='lat' dir='ltr'><strong>animosque</strong></span> <span class='ocrx_word' id='word_1_33' title='bbox 1151 666 1276 736; x_wconf 89' lang='lat' dir='ltr'><strong>pertur-</strong></span> 
     </span>
     <span class='ocr_line' id='line_1_6' title="bbox 187 751 1274 838; baseline -0.008 -16"><span class='ocrx_word' id='word_1_34' title='bbox 187 759 316 833; x_wconf 84' lang='lat' dir='ltr'><strong>5baret.</strong></span> <span class='ocrx_word' id='word_1_35' title='bbox 377 754 469 821; x_wconf 83' lang='lat' dir='ltr'><strong>²Hic</strong></span> <span class='ocrx_word' id='word_1_36' title='bbox 501 756 643 838; x_wconf 91' lang='lat' dir='ltr'><strong>primum</strong></span> <span class='ocrx_word' id='word_1_37' title='bbox 683 764 776 818; x_wconf 85' lang='lat' dir='ltr'><strong>ortus</strong></span> <span class='ocrx_word' id='word_1_38' title='bbox 807 763 859 817; x_wconf 92' lang='lat' dir='ltr'><strong>est</strong></span> <span class='ocrx_word' id='word_1_39' title='bbox 890 774 910 816; x_wconf 90' lang='lat' dir='ltr'><strong>a</strong></span> <span class='ocrx_word' id='word_1_40' title='bbox 943 752 1086 816; x_wconf 87' lang='lat' dir='ltr'><strong>tribunis</strong></span> <span class='ocrx_word' id='word_1_41' title='bbox 1121 751 1274 826; x_wconf 92' lang='lat' dir='ltr'><strong>militum,</strong></span> 
     </span>
     <span class='ocr_line' id='line_1_7' title="bbox 214 850 1276 939; baseline -0.006 -21"><span class='ocrx_word' id='word_1_42' title='bbox 214 853 402 939; x_wconf 78' lang='lat' dir='ltr'><strong>praefectis,</strong></span> <span class='ocrx_word' id='word_1_43' title='bbox 428 854 640 938; x_wconf 85' lang='lat' dir='ltr'><strong>reliquisque,</strong></span> <span class='ocrx_word' id='word_1_44' title='bbox 679 852 744 935; x_wconf 90' lang='lat' dir='ltr'><strong>qui,</strong></span> <span class='ocrx_word' id='word_1_45' title='bbox 780 872 822 914; x_wconf 85' lang='lat' dir='ltr'><strong>ex</strong></span> <span class='ocrx_word' id='word_1_46' title='bbox 859 852 941 914; x_wconf 91' lang='lat' dir='ltr'><strong>urbe</strong></span> <span class='ocrx_word' id='word_1_47' title='bbox 974 850 1142 913; x_wconf 83' lang='lat' dir='ltr'><strong>amicitiae</strong></span> <span class='ocrx_word' id='word_1_48' title='bbox 1177 869 1276 912; x_wconf 87' lang='lat' dir='ltr'><strong>causa</strong></span> 
     </span>
     <span class='ocr_line' id='line_1_8' title="bbox 216 947 1274 1039; baseline -0.007 -23"><span class='ocrx_word' id='word_1_49' title='bbox 216 955 394 1016; x_wconf 82' lang='lat' dir='ltr'><strong>Caesarem</strong></span> <span class='ocrx_word' id='word_1_50' title='bbox 429 954 544 1028; x_wconf 89' lang='lat' dir='ltr'><strong>secuti,</strong></span> <span class='ocrx_word' id='word_1_51' title='bbox 567 971 645 1014; x_wconf 91' lang='lat' dir='ltr'><strong>-non</strong></span> <span class='ocrx_word' id='word_1_52' title='bbox 682 968 841 1039; x_wconf 85' lang='lat' dir='ltr'><strong>magnum</strong></span> <span class='ocrx_word' id='word_1_53' title='bbox 873 949 907 1011; x_wconf 90' lang='lat' dir='ltr'><strong>in</strong></span> <span class='ocrx_word' id='word_1_54' title='bbox 941 969 977 1012; x_wconf 89' lang='lat' dir='ltr'><strong>re</strong></span> <span class='ocrx_word' id='word_1_55' title='bbox 1009 947 1144 1010; x_wconf 88' lang='lat' dir='ltr'><strong>militari</strong></span> <span class='ocrx_word' id='word_1_56' title='bbox 1178 969 1274 1010; x_wconf 91' lang='lat' dir='ltr'><strong>usum</strong></span> 
     </span>
     <span class='ocr_line' id='line_1_9' title="bbox 121 1043 1320 1133; baseline -0.008 -18"><span class='ocrx_word' id='word_1_57' title='bbox 121 1043 123 1050; x_wconf 46' lang='lat'><strong>⁴</strong></span> <span class='ocrx_word' id='word_1_58' title='bbox 215 1053 404 1114; x_wconf 87' lang='lat' dir='ltr'><strong>habebant:</strong></span> <span class='ocrx_word' id='word_1_59' title='bbox 439 1072 578 1133; x_wconf 89' lang='lat' dir='ltr'><strong>quorum</strong></span> <span class='ocrx_word' id='word_1_60' title='bbox 607 1049 693 1112; x_wconf 89' lang='lat' dir='ltr'><strong>alius</strong></span> <span class='ocrx_word' id='word_1_61' title='bbox 727 1047 790 1110; x_wconf 88' lang='lat' dir='ltr'><strong>alia</strong></span> <span class='ocrx_word' id='word_1_62' title='bbox 818 1066 918 1110; x_wconf 89' lang='lat' dir='ltr'><strong>causa</strong></span> <span class='ocrx_word' id='word_1_63' title='bbox 945 1045 1057 1120; x_wconf 90' lang='lat' dir='ltr'><strong>inlata,</strong></span> <span class='ocrx_word' id='word_1_64' title='bbox 1086 1065 1185 1127; x_wconf 89' lang='lat' dir='ltr'><strong>quam</strong></span> <span class='ocrx_word' id='word_1_65' title='bbox 1213 1047 1276 1108; x_wconf 89' lang='lat' dir='ltr'><strong>sibi</strong></span> <span class='ocrx_word' id='word_1_66' title='bbox 1316 1044 1320 1073; x_wconf 84' lang='lat'><strong>¹</strong></span> 
     </span>
     <span class='ocr_line' id='line_1_10' title="bbox 215 1146 1321 1231; baseline -0.003 -19"><span class='ocrx_word' id='word_1_67' title='bbox 215 1152 256 1212; x_wconf 90' lang='lat' dir='ltr'><strong>ad</strong></span> <span class='ocrx_word' id='word_1_68' title='bbox 280 1149 559 1231; x_wconf 89' lang='lat' dir='ltr'><strong>proficiscendum</strong></span> <span class='ocrx_word' id='word_1_69' title='bbox 585 1148 808 1213; x_wconf 89' lang='lat' dir='ltr'><strong>necessariam</strong></span> <span class='ocrx_word' id='word_1_70' title='bbox 833 1167 909 1210; x_wconf 87' lang='lat' dir='ltr'><strong>esse</strong></span> <span class='ocrx_word' id='word_1_71' title='bbox 926 1146 1063 1220; x_wconf 87' lang='lat' dir='ltr'><strong>diceret,</strong></span> <span class='ocrx_word' id='word_1_72' title='bbox 1080 1146 1218 1227; x_wconf 90' lang='lat' dir='ltr'><strong>petebat</strong></span> <span class='ocrx_word' id='word_1_73' title='bbox 1242 1157 1276 1209; x_wconf 93' lang='lat' dir='ltr'><strong>ut</strong></span> <span class='ocrx_word' id='word_1_74' title='bbox 1314 1162 1321 1227; x_wconf 46' lang='grc' dir='ltr'>ἶ</span> 
     </span>
     <span class='ocr_line' id='line_1_11' title="bbox 175 1243 1276 1328; baseline 0.001 -23"><span class='ocrx_word' id='word_1_75' title='bbox 175 1271 205 1306; x_wconf 81' lang='grc' dir='ltr'><strong>ιο</strong></span> <span class='ocrx_word' id='word_1_76' title='bbox 216 1248 289 1328; x_wconf 86' lang='lat' dir='ltr'><strong>ejus</strong></span> <span class='ocrx_word' id='word_1_77' title='bbox 313 1247 487 1310; x_wconf 86' lang='lat' dir='ltr'><strong>voluntate</strong></span> <span class='ocrx_word' id='word_1_78' title='bbox 515 1247 686 1310; x_wconf 85' lang='lat' dir='ltr'><strong>discedere</strong></span> <span class='ocrx_word' id='word_1_79' title='bbox 716 1246 832 1310; x_wconf 91' lang='lat' dir='ltr'><strong>liceret</strong></span> <span class='ocrx_word' id='word_1_80' title='bbox 846 1267 854 1322; x_wconf 91' lang='lat'>;</span> <span class='ocrx_word' id='word_1_81' title='bbox 889 1243 1043 1307; x_wconf 90' lang='lat' dir='ltr'><strong>nonnulli</strong></span> <span class='ocrx_word' id='word_1_82' title='bbox 1069 1243 1197 1326; x_wconf 91' lang='lat' dir='ltr'><strong>pudore</strong></span> <span class='ocrx_word' id='word_1_83' title='bbox 1225 1246 1276 1306; x_wconf 89' lang='lat' dir='ltr'><strong>ad-</strong></span> 
     </span>
     <span class='ocr_line' id='line_1_12' title="bbox 217 1342 1274 1426; baseline -0.004 -18"><span class='ocrx_word' id='word_1_84' title='bbox 217 1345 318 1420; x_wconf 92' lang='lat' dir='ltr'><strong>ducti,</strong></span> <span class='ocrx_word' id='word_1_85' title='bbox 354 1355 391 1408; x_wconf 91' lang='lat' dir='ltr'><strong>ut</strong></span> <span class='ocrx_word' id='word_1_86' title='bbox 429 1344 557 1407; x_wconf 89' lang='lat' dir='ltr'><strong>timoris</strong></span> <span class='ocrx_word' id='word_1_87' title='bbox 598 1345 820 1426; x_wconf 89' lang='lat' dir='ltr'><strong>suspitionem</strong></span> <span class='ocrx_word' id='word_1_88' title='bbox 857 1344 1013 1418; x_wconf 86' lang='lat' dir='ltr'><strong>vitarent,</strong></span> <span class='ocrx_word' id='word_1_89' title='bbox 1049 1342 1274 1406; x_wconf 91' lang='lat' dir='ltr'><strong>remanebant.</strong></span> 
     </span>
     <span class='ocr_line' id='line_1_13' title="bbox 166 1438 1275 1525; baseline -0.003 -21"><span class='ocrx_word' id='word_1_90' title='bbox 166 1487 178 1516; x_wconf 83' lang='lat'><strong>.</strong></span> <span class='ocrx_word' id='word_1_91' title='bbox 207 1441 289 1505; x_wconf 68' lang='lat' dir='ltr'><strong>‚affl</strong></span> <span class='ocrx_word' id='word_1_92' title='bbox 319 1463 428 1523; x_wconf 91' lang='lat' dir='ltr'><strong>neque</strong></span> <span class='ocrx_word' id='word_1_93' title='bbox 460 1442 588 1504; x_wconf 91' lang='lat' dir='ltr'><strong>vultum</strong></span> <span class='ocrx_word' id='word_1_94' title='bbox 620 1443 748 1523; x_wconf 88' lang='lat' dir='ltr'><strong>fingere</strong></span> <span class='ocrx_word' id='word_1_95' title='bbox 783 1461 893 1525; x_wconf 92' lang='lat' dir='ltr'><strong>neque</strong></span> <span class='ocrx_word' id='word_1_96' title='bbox 924 1441 1092 1504; x_wconf 88' lang='lat' dir='ltr'><strong>interdum</strong></span> <span class='ocrx_word' id='word_1_97' title='bbox 1124 1438 1275 1502; x_wconf 85' lang='lat' dir='ltr'><strong>lacrimas</strong></span> 
     </span>
     <span class='ocr_line' id='line_1_14' title="bbox 103 1534 1275 1621; baseline -0.005 -17"><span class='ocrx_word' id='word_1_98' title='bbox 103 1556 132 1585; x_wconf 76' lang='lat'><strong>·‘</strong></span> <span class='ocrx_word' id='word_1_99' title='bbox 217 1552 334 1605; x_wconf 90' lang='lat' dir='ltr'><strong>tenere</strong></span> <span class='ocrx_word' id='word_1_100' title='bbox 350 1549 526 1621; x_wconf 89' lang='lat' dir='ltr'><strong>poterant:</strong></span> <span class='ocrx_word' id='word_1_101' title='bbox 549 1539 654 1603; x_wconf 91' lang='lat' dir='ltr'><strong>abditi</strong></span> <span class='ocrx_word' id='word_1_102' title='bbox 671 1539 704 1601; x_wconf 91' lang='lat' dir='ltr'><strong>in</strong></span> <span class='ocrx_word' id='word_1_103' title='bbox 721 1539 946 1602; x_wconf 88' lang='lat' dir='ltr'><strong>tabernaculis</strong></span> <span class='ocrx_word' id='word_1_104' title='bbox 972 1548 1029 1602; x_wconf 90' lang='lat' dir='ltr'><strong>aut</strong></span> <span class='ocrx_word' id='word_1_105' title='bbox 1053 1558 1149 1601; x_wconf 90' lang='lat' dir='ltr'><strong>suum</strong></span> <span class='ocrx_word' id='word_1_106' title='bbox 1171 1534 1275 1599; x_wconf 87' lang='lat' dir='ltr'><strong>iatum</strong></span> 
     </span>
     <span class='ocr_line' id='line_1_15' title="bbox 218 1634 1325 1720; baseline -0.002 -19"><span class='ocrx_word' id='word_1_107' title='bbox 218 1639 452 1720; x_wconf 86' lang='lat' dir='ltr'><strong>querebantur,</strong></span> <span class='ocrx_word' id='word_1_108' title='bbox 496 1648 553 1699; x_wconf 90' lang='lat' dir='ltr'><strong>aut</strong></span> <span class='ocrx_word' id='word_1_109' title='bbox 600 1657 677 1700; x_wconf 93' lang='lat' dir='ltr'><strong>cum</strong></span> <span class='ocrx_word' id='word_1_110' title='bbox 722 1634 940 1700; x_wconf 81' lang='lat' dir='ltr'><strong>familiaribus</strong></span> <span class='ocrx_word' id='word_1_111' title='bbox 988 1635 1057 1699; x_wconf 90' lang='lat' dir='ltr'><strong>suis</strong></span> <span class='ocrx_word' id='word_1_112' title='bbox 1100 1655 1275 1699; x_wconf 86' lang='lat' dir='ltr'><strong>commune</strong></span> <span class='ocrx_word' id='word_1_113' title='bbox 1321 1660 1325 1679; x_wconf 43' lang='grc' dir='ltr'><strong><em>τ</em></strong></span> 
     </span>
     <span class='ocr_line' id='line_1_16' title="bbox 177 1734 1276 1816; baseline 0.003 -23"><span class='ocrx_word' id='word_1_114' title='bbox 177 1735 401 1816; x_wconf 85' lang='lat' dir='ltr'><strong>15periculum</strong></span> <span class='ocrx_word' id='word_1_115' title='bbox 441 1734 694 1797; x_wconf 87' lang='lat' dir='ltr'><strong>miserabantur.</strong></span> <span class='ocrx_word' id='word_1_116' title='bbox 756 1734 866 1816; x_wconf 87' lang='lat' dir='ltr'><strong>Volgo</strong></span> <span class='ocrx_word' id='word_1_117' title='bbox 901 1734 982 1797; x_wconf 89' lang='lat' dir='ltr'><strong>totis</strong></span> <span class='ocrx_word' id='word_1_118' title='bbox 1021 1734 1139 1796; x_wconf 90' lang='lat' dir='ltr'><strong>castris</strong></span> <span class='ocrx_word' id='word_1_119' title='bbox 1178 1743 1276 1796; x_wconf 92' lang='lat' dir='ltr'><strong>testa-</strong></span> 
     </span>
     <span class='ocr_line' id='line_1_17' title="bbox 218 1829 1275 1913; baseline -0.001 -18"><span class='ocrx_word' id='word_1_120' title='bbox 218 1842 332 1896; x_wconf 91' lang='lat' dir='ltr'><strong>menta</strong></span> <span class='ocrx_word' id='word_1_121' title='bbox 370 1832 643 1913; x_wconf 84' lang='lat' dir='ltr'><strong>obsignabantur.</strong></span> <span class='ocrx_word' id='word_1_122' title='bbox 711 1829 868 1895; x_wconf 85' lang='lat' dir='ltr'><strong>4Horum</strong></span> <span class='ocrx_word' id='word_1_123' title='bbox 902 1831 1042 1894; x_wconf 92' lang='lat' dir='ltr'><strong>vocibus</strong></span> <span class='ocrx_word' id='word_1_124' title='bbox 1080 1852 1118 1894; x_wconf 89' lang='lat' dir='ltr'><strong>ac</strong></span> <span class='ocrx_word' id='word_1_125' title='bbox 1157 1832 1275 1895; x_wconf 89' lang='lat' dir='ltr'><strong>timore</strong></span> 
     </span>
     <span class='ocr_line' id='line_1_18' title="bbox 219 1929 1276 2011; baseline 0 -19"><span class='ocrx_word' id='word_1_126' title='bbox 219 1930 377 2011; x_wconf 88' lang='lat' dir='ltr'><strong>paulatim</strong></span> <span class='ocrx_word' id='word_1_127' title='bbox 406 1929 506 1991; x_wconf 85' lang='lat' dir='ltr'><strong>etiam</strong></span> <span class='ocrx_word' id='word_1_128' title='bbox 534 1929 556 1990; x_wconf 91' lang='lat' dir='ltr'><strong>ii</strong></span> <span class='ocrx_word' id='word_1_129' title='bbox 580 1929 636 2010; x_wconf 93' lang='lat' dir='ltr'><strong>qui</strong></span> <span class='ocrx_word' id='word_1_130' title='bbox 664 1949 822 2011; x_wconf 90' lang='lat' dir='ltr'><strong>magnum</strong></span> <span class='ocrx_word' id='word_1_131' title='bbox 851 1931 1029 1995; x_wconf 89' lang='lat' dir='ltr'><strong>incastris</strong></span> <span class='ocrx_word' id='word_1_132' title='bbox 1056 1951 1153 1994; x_wconf 91' lang='lat' dir='ltr'><strong>usum</strong></span> <span class='ocrx_word' id='word_1_133' title='bbox 1182 1931 1276 1993; x_wconf 88' lang='lat' dir='ltr'><strong>habe·</strong></span> 
     </span>
     <span class='ocr_line' id='line_1_19' title="bbox 218 2023 1273 2112; baseline -0.001 -21"><span class='ocrx_word' id='word_1_134' title='bbox 218 2029 309 2102; x_wconf 91' lang='lat' dir='ltr'><strong>bant,</strong></span> <span class='ocrx_word' id='word_1_135' title='bbox 328 2023 456 2089; x_wconf 87' lang='lat' dir='ltr'><strong>milites</strong></span> <span class='ocrx_word' id='word_1_136' title='bbox 469 2027 750 2108; x_wconf 90' lang='lat' dir='ltr'><strong>centurionesque</strong></span> <span class='ocrx_word' id='word_1_137' title='bbox 767 2028 890 2110; x_wconf 91' lang='lat' dir='ltr'><strong>quique</strong></span> <span class='ocrx_word' id='word_1_138' title='bbox 909 2029 1072 2112; x_wconf 90' lang='lat' dir='ltr'><strong>equitatui</strong></span> <span class='ocrx_word' id='word_1_139' title='bbox 1091 2038 1273 2110; x_wconf 86' lang='lat' dir='ltr'><strong>praeerant,</strong></span> 
     </span>
     <span class='ocr_line' id='line_1_20' title="bbox 218 2124 1275 2207; baseline 0.002 -20"><span class='ocrx_word' id='word_1_140' title='bbox 218 2125 507 2207; x_wconf 88' lang='lat' dir='ltr'><strong>perturbabantur.</strong></span> <span class='ocrx_word' id='word_1_141' title='bbox 566 2124 633 2204; x_wconf 83' lang='lat' dir='ltr'><strong>Qui</strong></span> <span class='ocrx_word' id='word_1_142' title='bbox 657 2145 694 2186; x_wconf 89' lang='lat' dir='ltr'><strong>se</strong></span> <span class='ocrx_word' id='word_1_143' title='bbox 721 2145 762 2186; x_wconf 89' lang='lat' dir='ltr'><strong>ex</strong></span> <span class='ocrx_word' id='word_1_144' title='bbox 784 2126 837 2187; x_wconf 93' lang='lat' dir='ltr'><strong>his</strong></span> <span class='ocrx_word' id='word_1_145' title='bbox 864 2126 976 2190; x_wconf 90' lang='lat' dir='ltr'><strong>minus</strong></span> <span class='ocrx_word' id='word_1_146' title='bbox 1001 2127 1137 2192; x_wconf 91' lang='lat' dir='ltr'><strong>timidos</strong></span> <span class='ocrx_word' id='word_1_147' title='bbox 1165 2129 1275 2193; x_wconf 87' lang='lat' dir='ltr'><strong>existi-</strong></span> 
     </span>
     <span class='ocr_line' id='line_1_21' title="bbox 175 2222 1273 2309; baseline 0.008 -29"><span class='ocrx_word' id='word_1_148' title='bbox 175 2247 207 2281; x_wconf 89' lang='lat'><strong>20</strong></span> <span class='ocrx_word' id='word_1_149' title='bbox 219 2223 302 2285; x_wconf 88' lang='lat' dir='ltr'><strong>mari</strong></span> <span class='ocrx_word' id='word_1_150' title='bbox 333 2222 500 2295; x_wconf 87' lang='lat' dir='ltr'><strong>volebant,</strong></span> <span class='ocrx_word' id='word_1_151' title='bbox 533 2241 600 2283; x_wconf 91' lang='lat' dir='ltr'><strong>non</strong></span> <span class='ocrx_word' id='word_1_152' title='bbox 633 2241 670 2284; x_wconf 91' lang='lat' dir='ltr'><strong>se</strong></span> <span class='ocrx_word' id='word_1_153' title='bbox 700 2222 833 2284; x_wconf 87' lang='lat' dir='ltr'><strong>hostem</strong></span> <span class='ocrx_word' id='word_1_154' title='bbox 863 2224 979 2300; x_wconf 89' lang='lat' dir='ltr'><strong>vereri,</strong></span> <span class='ocrx_word' id='word_1_155' title='bbox 1013 2227 1072 2289; x_wconf 92' lang='lat' dir='ltr'><strong>sed</strong></span> <span class='ocrx_word' id='word_1_156' title='bbox 1103 2228 1273 2309; x_wconf 89' lang='lat' dir='ltr'><strong>angustias</strong></span> 
     </span>
     <span class='ocr_line' id='line_1_22' title="bbox 218 2318 1326 2402; baseline 0.003 -20"><span class='ocrx_word' id='word_1_157' title='bbox 218 2321 357 2393; x_wconf 70' lang='lat' dir='ltr'><strong>itineris</strong></span> <span class='ocrx_word' id='word_1_158' title='bbox 397 2318 663 2399; x_wconf 88' lang='lat' dir='ltr'><strong>magnitudinem</strong></span> <span class='ocrx_word' id='word_1_159' title='bbox 707 2318 862 2383; x_wconf 89' lang='lat' dir='ltr'><strong>silvarum</strong></span> <span class='ocrx_word' id='word_1_160' title='bbox 902 2342 986 2402; x_wconf 91' lang='lat' dir='ltr'><strong>quae</strong></span> <span class='ocrx_word' id='word_1_161' title='bbox 1027 2322 1273 2389; x_wconf 88' lang='lat' dir='ltr'><strong>intercederent</strong></span> <span class='ocrx_word' id='word_1_162' title='bbox 1325 2374 1326 2377; x_wconf 63' lang='lat'><strong>,</strong></span> 
     </span>
     <span class='ocr_line' id='line_1_23' title="bbox 218 2415 1273 2498; baseline 0.002 -17"><span class='ocrx_word' id='word_1_163' title='bbox 218 2419 307 2481; x_wconf 89' lang='lat' dir='ltr'><strong>inter</strong></span> <span class='ocrx_word' id='word_1_164' title='bbox 334 2418 424 2498; x_wconf 92' lang='lat' dir='ltr'><strong>ipsos</strong></span> <span class='ocrx_word' id='word_1_165' title='bbox 452 2425 552 2498; x_wconf 88' lang='lat' dir='ltr'><strong>atque</strong></span> <span class='ocrx_word' id='word_1_166' title='bbox 581 2415 802 2492; x_wconf 89' lang='lat' dir='ltr'><strong>Ariovistum,</strong></span> <span class='ocrx_word' id='word_1_167' title='bbox 832 2428 888 2480; x_wconf 93' lang='lat' dir='ltr'><strong>aut</strong></span> <span class='ocrx_word' id='word_1_168' title='bbox 917 2439 985 2482; x_wconf 90' lang='lat' dir='ltr'><strong>rem</strong></span> <span class='ocrx_word' id='word_1_169' title='bbox 1013 2417 1273 2496; x_wconf 86' lang='lat' dir='ltr'><strong>frumentariam,</strong></span> 
     </span>
     <span class='ocr_line' id='line_1_24' title="bbox 218 2514 1272 2596; baseline 0 -17"><span class='ocrx_word' id='word_1_170' title='bbox 218 2527 254 2579; x_wconf 90' lang='lat' dir='ltr'><strong>ut</strong></span> <span class='ocrx_word' id='word_1_171' title='bbox 283 2516 365 2578; x_wconf 90' lang='lat' dir='ltr'><strong>satis</strong></span> <span class='ocrx_word' id='word_1_172' title='bbox 395 2514 568 2577; x_wconf 91' lang='lat' dir='ltr'><strong>commode</strong></span> <span class='ocrx_word' id='word_1_173' title='bbox 596 2514 785 2594; x_wconf 87' lang='lat' dir='ltr'><strong>supportari</strong></span> <span class='ocrx_word' id='word_1_174' title='bbox 813 2527 937 2596; x_wconf 89' lang='lat' dir='ltr'><strong>posset,</strong></span> <span class='ocrx_word' id='word_1_175' title='bbox 962 2517 1083 2581; x_wconf 91' lang='lat' dir='ltr'><strong>timere</strong></span> <span class='ocrx_word' id='word_1_176' title='bbox 1110 2518 1272 2582; x_wconf 88' lang='lat' dir='ltr'><strong>dicebant.</strong></span> 
     </span>
     <span class='ocr_line' id='line_1_25' title="bbox 140 2610 1275 2689; baseline 0.002 -15"><span class='ocrx_word' id='word_1_177' title='bbox 140 2645 144 2656; x_wconf 93' lang='lat'>·</span> <span class='ocrx_word' id='word_1_178' title='bbox 217 2611 404 2675; x_wconf 78' lang='lat' dir='ltr'><strong>⁵Nonnulli</strong></span> <span class='ocrx_word' id='word_1_179' title='bbox 451 2611 552 2672; x_wconf 87' lang='lat' dir='ltr'><strong>etiam</strong></span> <span class='ocrx_word' id='word_1_180' title='bbox 602 2610 738 2673; x_wconf 88' lang='lat' dir='ltr'><strong>Caesari</strong></span> <span class='ocrx_word' id='word_1_181' title='bbox 785 2613 996 2689; x_wconf 88' lang='lat' dir='ltr'><strong>nuntiabant,</strong></span> <span class='ocrx_word' id='word_1_182' title='bbox 1045 2635 1120 2678; x_wconf 92' lang='lat' dir='ltr'><strong>cum</strong></span> <span class='ocrx_word' id='word_1_183' title='bbox 1169 2626 1275 2679; x_wconf 87' lang='lat' dir='ltr'><strong>castra</strong></span> 
     </span>
     <span class='ocr_line' id='line_1_26' title="bbox 175 2704 1275 2789; baseline 0.005 -20"><span class='ocrx_word' id='word_1_184' title='bbox 175 2710 343 2785; x_wconf 87' lang='lat' dir='ltr'><strong>25moveri</strong></span> <span class='ocrx_word' id='word_1_185' title='bbox 368 2729 406 2771; x_wconf 89' lang='lat' dir='ltr'><strong>ac</strong></span> <span class='ocrx_word' id='word_1_186' title='bbox 430 2708 526 2788; x_wconf 88' lang='lat' dir='ltr'><strong>signa</strong></span> <span class='ocrx_word' id='word_1_187' title='bbox 548 2704 629 2770; x_wconf 85' lang='lat' dir='ltr'><strong>ferri</strong></span> <span class='ocrx_word' id='word_1_188' title='bbox 652 2707 818 2789; x_wconf 89' lang='lat' dir='ltr'><strong>jussisset,</strong></span> <span class='ocrx_word' id='word_1_189' title='bbox 844 2731 912 2772; x_wconf 90' lang='lat' dir='ltr'><strong>non</strong></span> <span class='ocrx_word' id='word_1_190' title='bbox 935 2708 1007 2774; x_wconf 85' lang='lat' dir='ltr'><strong>iore</strong></span> <span class='ocrx_word' id='word_1_191' title='bbox 1031 2705 1121 2776; x_wconf 81' lang='lat' dir='ltr'><strong>dicto</strong></span> <span class='ocrx_word' id='word_1_192' title='bbox 1145 2714 1275 2777; x_wconf 88' lang='lat' dir='ltr'><strong>audien-</strong></span> 
     </span>
     <span class='ocr_line' id='line_1_27' title="bbox 217 2806 1133 2889; baseline 0.003 -18"><span class='ocrx_word' id='word_1_193' title='bbox 217 2818 269 2870; x_wconf 91' lang='lat' dir='ltr'><strong>tes</strong></span> <span class='ocrx_word' id='word_1_194' title='bbox 285 2807 419 2879; x_wconf 87' lang='lat' dir='ltr'><strong>milites,</strong></span> <span class='ocrx_word' id='word_1_195' title='bbox 438 2825 546 2886; x_wconf 93' lang='lat' dir='ltr'><strong>neque</strong></span> <span class='ocrx_word' id='word_1_196' title='bbox 563 2814 699 2885; x_wconf 89' lang='lat' dir='ltr'><strong>propter</strong></span> <span class='ocrx_word' id='word_1_197' title='bbox 715 2806 869 2868; x_wconf 90' lang='lat' dir='ltr'><strong>timorem</strong></span> <span class='ocrx_word' id='word_1_198' title='bbox 887 2808 984 2889; x_wconf 91' lang='lat' dir='ltr'><strong>signa</strong></span> <span class='ocrx_word' id='word_1_199' title='bbox 1000 2809 1133 2874; x_wconf 79' lang='lat' dir='ltr'><strong>laturos</strong></span> 
     </span>
     <span class='ocr_line' id='line_1_28' title="bbox 260 2902 1272 2983; baseline 0.001 -15"><span class='ocrx_word' id='word_1_200' title='bbox 260 2923 310 2983; x_wconf 86' lang='lat'><strong>40.</strong></span> <span class='ocrx_word' id='word_1_201' title='bbox 345 2904 441 2965; x_wconf 87' lang='lat' dir='ltr'><strong>Haec</strong></span> <span class='ocrx_word' id='word_1_202' title='bbox 472 2922 548 2964; x_wconf 91' lang='lat' dir='ltr'><strong>cum</strong></span> <span class='ocrx_word' id='word_1_203' title='bbox 580 2902 884 2978; x_wconf 88' lang='lat' dir='ltr'><strong>animadvertisset,</strong></span> <span class='ocrx_word' id='word_1_204' title='bbox 914 2917 1099 2969; x_wconf 87' lang='lat' dir='ltr'><strong>convocato</strong></span> <span class='ocrx_word' id='word_1_205' title='bbox 1126 2908 1272 2980; x_wconf 89' lang='lat' dir='ltr'><strong>consilio,</strong></span> 
     </span>
     <span class='ocr_line' id='line_1_29' title="bbox 217 2999 1275 3081; baseline 0.001 -16"><span class='ocrx_word' id='word_1_206' title='bbox 217 3003 433 3081; x_wconf 91' lang='lat' dir='ltr'><strong>omniumque</strong></span> <span class='ocrx_word' id='word_1_207' title='bbox 470 2999 622 3062; x_wconf 87' lang='lat' dir='ltr'><strong>ordinum</strong></span> <span class='ocrx_word' id='word_1_208' title='bbox 657 3001 699 3062; x_wconf 90' lang='lat' dir='ltr'><strong>ad</strong></span> <span class='ocrx_word' id='word_1_209' title='bbox 733 3000 766 3063; x_wconf 92' lang='lat' dir='ltr'><strong>id</strong></span> <span class='ocrx_word' id='word_1_210' title='bbox 800 3001 976 3065; x_wconf 91' lang='lat' dir='ltr'><strong>consilium</strong></span> <span class='ocrx_word' id='word_1_211' title='bbox 1009 3004 1169 3068; x_wconf 91' lang='lat' dir='ltr'><strong>adhibitis</strong></span> <span class='ocrx_word' id='word_1_212' title='bbox 1204 3026 1275 3069; x_wconf 86' lang='lat' dir='ltr'><strong>cen-</strong></span> 
     </span>
     <span class='ocr_line' id='line_1_30' title="bbox 216 3097 1273 3185; baseline -0.001 -22"><span class='ocrx_word' id='word_1_213' title='bbox 216 3098 414 3172; x_wconf 90' lang='lat' dir='ltr'><strong>turionibus,</strong></span> <span class='ocrx_word' id='word_1_214' title='bbox 447 3097 666 3160; x_wconf 90' lang='lat' dir='ltr'><strong>vehementer</strong></span> <span class='ocrx_word' id='word_1_215' title='bbox 697 3117 755 3160; x_wconf 92' lang='lat' dir='ltr'><strong>eos</strong></span> <span class='ocrx_word' id='word_1_216' title='bbox 789 3098 976 3164; x_wconf 85' lang='lat' dir='ltr'><strong>incusavit:</strong></span> <span class='ocrx_word' id='word_1_217' title='bbox 1014 3101 1159 3182; x_wconf 89' lang='lat' dir='ltr'><strong>primum</strong></span> <span class='ocrx_word' id='word_1_218' title='bbox 1190 3103 1273 3185; x_wconf 89' lang='lat' dir='ltr'><strong>quod</strong></span> 
     </span>
     <span class='ocr_line' id='line_1_31' title="bbox 174 3193 1273 3279; baseline 0.004 -24"><span class='ocrx_word' id='word_1_219' title='bbox 174 3222 205 3270; x_wconf 85' lang='lat'><strong>30</strong></span> <span class='ocrx_word' id='word_1_220' title='bbox 216 3207 274 3261; x_wconf 92' lang='lat' dir='ltr'><strong>aut</strong></span> <span class='ocrx_word' id='word_1_221' title='bbox 298 3216 397 3279; x_wconf 90' lang='lat' dir='ltr'><strong>quam</strong></span> <span class='ocrx_word' id='word_1_222' title='bbox 425 3193 459 3254; x_wconf 88' lang='lat' dir='ltr'><strong>in</strong></span> <span class='ocrx_word' id='word_1_223' title='bbox 489 3203 617 3274; x_wconf 89' lang='lat' dir='ltr'><strong>partem</strong></span> <span class='ocrx_word' id='word_1_224' title='bbox 645 3204 703 3257; x_wconf 92' lang='lat' dir='ltr'><strong>aut</strong></span> <span class='ocrx_word' id='word_1_225' title='bbox 728 3215 792 3277; x_wconf 94' lang='lat' dir='ltr'><strong>quo</strong></span> <span class='ocrx_word' id='word_1_226' title='bbox 820 3197 960 3259; x_wconf 89' lang='lat' dir='ltr'><strong>consilio</strong></span> <span class='ocrx_word' id='word_1_227' title='bbox 987 3198 1192 3262; x_wconf 89' lang='lat' dir='ltr'><strong>ducerentur</strong></span> <span class='ocrx_word' id='word_1_228' title='bbox 1215 3199 1273 3263; x_wconf 90' lang='lat' dir='ltr'><strong>sibi</strong></span> 
     </span>
     <span class='ocr_line' id='line_1_32' title="bbox 217 3291 1274 3377; baseline 0 -20"><span class='ocrx_word' id='word_1_229' title='bbox 217 3293 445 3377; x_wconf 89' lang='lat' dir='ltr'><strong>quaerendum</strong></span> <span class='ocrx_word' id='word_1_230' title='bbox 474 3301 531 3352; x_wconf 85' lang='lat' dir='ltr'><strong>aut</strong></span> <span class='ocrx_word' id='word_1_231' title='bbox 559 3291 775 3372; x_wconf 89' lang='lat' dir='ltr'><strong>cogitandum</strong></span> <span class='ocrx_word' id='word_1_232' title='bbox 802 3302 967 3372; x_wconf 88' lang='lat' dir='ltr'><strong>putarent.</strong></span> <span class='ocrx_word' id='word_1_233' title='bbox 1023 3292 1274 3360; x_wconf 79' lang='lat' dir='ltr'><strong>2‘Ariovistum</strong></span> 
     </span>
     <span class='ocr_line' id='line_1_33' title="bbox 218 3388 1274 3469; baseline -0.002 -14"><span class='ocrx_word' id='word_1_234' title='bbox 218 3413 254 3456; x_wconf 91' lang='lat' dir='ltr'><strong>se</strong></span> <span class='ocrx_word' id='word_1_235' title='bbox 300 3389 438 3454; x_wconf 92' lang='lat' dir='ltr'><strong>consule</strong></span> <span class='ocrx_word' id='word_1_236' title='bbox 484 3388 700 3469; x_wconf 90' lang='lat' dir='ltr'><strong>cupidissime</strong></span> <span class='ocrx_word' id='word_1_237' title='bbox 745 3389 858 3469; x_wconf 91' lang='lat' dir='ltr'><strong>populi</strong></span> <span class='ocrx_word' id='word_1_238' title='bbox 905 3391 1050 3454; x_wconf 89' lang='lat' dir='ltr'><strong>Romani</strong></span> <span class='ocrx_word' id='word_1_239' title='bbox 1095 3394 1274 3457; x_wconf 89' lang='lat' dir='ltr'><strong>amicitiam</strong></span> 
     </span>
     <span class='ocr_line' id='line_1_34' title="bbox 217 3485 1273 3571; baseline -0.001 -19"><span class='ocrx_word' id='word_1_240' title='bbox 217 3488 408 3571; x_wconf 88' lang='lat' dir='ltr'><strong>appetisse:</strong></span> <span class='ocrx_word' id='word_1_241' title='bbox 442 3505 502 3548; x_wconf 90' lang='lat' dir='ltr'><strong>cur</strong></span> <span class='ocrx_word' id='word_1_242' title='bbox 528 3485 616 3547; x_wconf 93' lang='lat' dir='ltr'><strong>hunc</strong></span> <span class='ocrx_word' id='word_1_243' title='bbox 643 3495 711 3547; x_wconf 87' lang='lat' dir='ltr'><strong>tam</strong></span> <span class='ocrx_word' id='word_1_244' title='bbox 740 3495 868 3549; x_wconf 90' lang='lat' dir='ltr'><strong>temere</strong></span> <span class='ocrx_word' id='word_1_245' title='bbox 896 3489 1070 3570; x_wconf 90' lang='lat' dir='ltr'><strong>quisquam</strong></span> <span class='ocrx_word' id='word_1_246' title='bbox 1098 3491 1140 3553; x_wconf 91' lang='lat' dir='ltr'><strong>ab</strong></span> <span class='ocrx_word' id='word_1_247' title='bbox 1169 3491 1273 3554; x_wconf 86' lang='lat' dir='ltr'><strong>officio</strong></span> 
     </span>
     <span class='ocr_line' id='line_1_35' title="bbox 218 3581 1272 3667; baseline 0.002 -18"><span class='ocrx_word' id='word_1_248' title='bbox 218 3587 443 3649; x_wconf 90' lang='lat' dir='ltr'><strong>discessurum</strong></span> <span class='ocrx_word' id='word_1_249' title='bbox 472 3581 658 3662; x_wconf 87' lang='lat' dir='ltr'><strong>judicaret?</strong></span> <span class='ocrx_word' id='word_1_250' title='bbox 715 3582 786 3644; x_wconf 90' lang='lat' dir='ltr'><strong>Sibi</strong></span> <span class='ocrx_word' id='word_1_251' title='bbox 811 3585 944 3664; x_wconf 88' lang='lat' dir='ltr'><strong>quidem</strong></span> <span class='ocrx_word' id='word_1_252' title='bbox 974 3587 1177 3667; x_wconf 87' lang='lat' dir='ltr'><strong>persuaderi,</strong></span> <span class='ocrx_word' id='word_1_253' title='bbox 1205 3609 1272 3667; x_wconf 82' lang='lat' dir='ltr'><strong>cog·</strong></span> 
     </span>
     <span class='ocr_line' id='line_1_36' title="bbox 175 3677 1273 3787; baseline 0.002 -43"><span class='ocrx_word' id='word_1_254' title='bbox 175 3683 298 3758; x_wconf 83' lang='lat' dir='ltr'><strong>35nitis</strong></span> <span class='ocrx_word' id='word_1_255' title='bbox 327 3680 396 3742; x_wconf 91' lang='lat' dir='ltr'><strong>suis</strong></span> <span class='ocrx_word' id='word_1_256' title='bbox 424 3677 615 3787; x_wconf 57' lang='lat' dir='ltr'><strong>postulatis(</strong></span> <span class='ocrx_word' id='word_1_257' title='bbox 630 3687 731 3759; x_wconf 90' lang='lat' dir='ltr'><strong>atque</strong></span> <span class='ocrx_word' id='word_1_258' title='bbox 754 3681 922 3761; x_wconf 89' lang='lat' dir='ltr'><strong>aequitate</strong></span> <span class='ocrx_word' id='word_1_259' title='bbox 949 3683 1183 3747; x_wconf 89' lang='lat' dir='ltr'><strong>condicionum</strong></span> <span class='ocrx_word' id='word_1_260' title='bbox 1208 3706 1273 3766; x_wconf 79' lang='lat' dir='ltr'><strong>per·</strong></span> 
     </span>
     <span class='ocr_line' id='line_1_37' title="bbox 219 3777 1272 3864; baseline 0.003 -23"><span class='ocrx_word' id='word_1_261' title='bbox 219 3788 343 3860; x_wconf 87' lang='lat' dir='ltr'><strong>specta,</strong></span> <span class='ocrx_word' id='word_1_262' title='bbox 361 3795 437 3838; x_wconf 93' lang='lat' dir='ltr'><strong>eum</strong></span> <span class='ocrx_word' id='word_1_263' title='bbox 454 3795 561 3856; x_wconf 89' lang='lat' dir='ltr'><strong>neque</strong></span> <span class='ocrx_word' id='word_1_264' title='bbox 582 3794 675 3836; x_wconf 88' lang='lat' dir='ltr'><strong>suam</strong></span> <span class='ocrx_word' id='word_1_265' title='bbox 698 3795 807 3857; x_wconf 89' lang='lat' dir='ltr'><strong>neque</strong></span> <span class='ocrx_word' id='word_1_266' title='bbox 828 3777 942 3860; x_wconf 91' lang='lat' dir='ltr'><strong>populi</strong></span> <span class='ocrx_word' id='word_1_267' title='bbox 966 3780 1112 3842; x_wconf 91' lang='lat' dir='ltr'><strong>Romani</strong></span> <span class='ocrx_word' id='word_1_268' title='bbox 1135 3783 1272 3864; x_wconf 88' lang='lat' dir='ltr'><strong>gratiam</strong></span> 
     </span>
    </p>
   </div>
   <div class='ocr_carea' id='block_1_3' title="bbox 927 3970 942 4018">
    <p class='ocr_par' dir='ltr' id='par_1_3' title="bbox 927 3970 942 4018">
     <span class='ocr_line' id='line_1_38' title="bbox 927 3970 942 4018; baseline 0 -40"><span class='ocrx_word' id='word_1_269' title='bbox 927 3970 942 4018; x_wconf 57' lang='grc' dir='ltr'><strong>Ι,</strong></span> 
     </span>
    </p>
   </div>
   <div class='ocr_carea' id='block_1_4' title="bbox 0 0 1342 4159">
    <p class='ocr_par' dir='ltr' id='par_1_4' title="bbox 0 0 1342 4159">
     <span class='ocr_line' id='line_1_39' title="bbox 0 0 1342 4159; baseline 0 0"><span class='ocrx_word' id='word_1_270' title='bbox 0 0 1342 4159; x_wconf 95' lang='lat' dir='ltr'><strong> </strong></span> 
     </span>
    </p>
   </div>
  </div>
 </body>
</html>
