2667 4159
682 121 715 161 JV
768 79 789 121 U

63 219 90 270 B.
102 220 133 272 G.
149 221 171 273 1.
185 222 248 291 43.]
271 207 461 290 Consererzce
484 210 524 290 of
537 208 730 300 Arinrz'stus
752 210 824 270 and
846 207 959 272 Coesar.
1118 222 1159 287 27

99 393 199 460 ³Dies
215 399 395 482 conloquio
411 399 521 462 dictus
534 409 585 462 est
597 421 637 462 ex
653 420 693 462 eo
710 399 764 463 die
780 400 927 482 quintus.
975 399 1115 462 Interim

61 505 151 566 saepe
176 486 266 548 ultro
290 487 441 568 citroque
466 507 540 550 cum
569 488 672 569 legati
697 488 786 550 inter
807 508 865 549 eos
889 489 1114 562 mitterentur,

61 583 249 647 Ariovistus
271 584 463 665 postulavit,
482 604 525 646 ne
546 604 645 666 quern
671 585 820 666 peditem
844 585 886 647 ad
902 585 1115 667 conloquium

26 697 29 704 ·
62 681 178 745 Caesar
209 682 415 745 adduceret:
453 681 561 745 vereri
593 694 640 756 se,
671 702 714 744 ne
745 702 805 763 per
835 682 972 744 insidias
1003 682 1044 744 ab
1075 701 1116 744 eo

60 779 372 855 circumveniretur3
409 789 549 862 uterque
581 800 655 842 cum
689 780 841 862 equitatu
867 779 1018 856 veniret;
1052 779 1117 842 alia
1145 801 1159 854 5

60 879 183 940 ratione
201 897 276 940 sese
294 897 360 939 non
386 896 460 938 esse
488 887 568 940 vent
571 897 676 940 urum.
723 875 876 952 ⁴Caesar,
895 878 982 958 quod
1007 896 1116 959 neque

61 975 267 1056 conloquium
299 957 498 1055 interposita
530 995 629 1036 causa
661 973 733 1037 tolli
764 975 907 1048 uolebat,
933 993 1043 1058 neque
1070 995 1116 1036 sa-

60 1071 158 1134 luem
191 1092 284 1134 suam
315 1071 485 1135 Gallorum
519 1072 632 1154 equita
633 1072 683 1134 tui
715 1073 930 1135 committere
961 1031 1057 1134 aursv
1048 1071 1114 1148 bat

61 1169 362 1232 commodissimum
401 1189 476 1233 esse
515 1169 643 1253 statuit,
620 1169 839 1232 tomnibus
883 1170 979 1251 equis
1011 1167 1115 1232 Gallis

61 1267 223 1348 equitibus
247 1267 417 1341 detractis,
437 1288 476 1329 eo
500 1267 703 1350 legionarios
731 1267 856 1330 milites
872 1266 1014 1348 legionis
1031 1267 1117 1330 deci·
1130 1287 1161 1325 10

61 1385 138 1441 mae,
163 1366 339 1446 cuiquam
365 1367 506 1428 maxime
530 1366 731 1440 confidebat,
758 1365 939 1446 imponere,
964 1373 1001 1427 ut
1024 1385 1117 1447 prae·

61 1463 176 1546 sidium
204 1483 302 1545 quam
330 1463 579 1537 amicissimum,
607 1464 635 1526 si
666 1463 746 1545 quid
778 1483 861 1544 opus
893 1459 983 1524 facto
1014 1471 1113 1537 esset,

61 1561 202 1624 haberet.
250 1559 373 1641 5Ωιιοά
396 1581 470 1623 cum
496 1560 602 1635 fieret,
625 1582 693 1623 non
717 1560 892 1623 inridicule
918 1559 1050 1643 quidam
1074 1579 1115 1624 ex

61 1659 217 1721 militibus
249 1658 399 1720 decimae
422 1657 564 1740 legionis
588 1659 681 1734 dixit,
710 1660 785 1743 plus
821 1683 918 1745 quam
947 1661 1115 1743 pollicitus

62 1767 146 1818 esset
172 1755 351 1818 Caesarem
373 1753 506 1821 facere:
530 1757 714 1838 pollicitum
739 1779 775 1821 se
799 1759 833 1821 in
857 1760 1004 1823 cohortis
1027 1778 1117 1840 prae·
1131 1781 1159 1833 ¹5

62 1854 160 1916 toriae
191 1854 264 1916 loco
295 1853 458 1916 decimam
490 1853 657 1936 legionem
686 1854 898 1934 habiturum;
920 1857 962 1921 ad
993 1877 1114 1941 equum

63 1951 247 2014 rescribere.
1129 1975 1139 2022 ι

69 2019 171 2157 (43)
184 2048 303 2111 Planit
279 2057 344 2111 tres
369 2058 439 2112 erat
463 2069 593 2132 magna,
612 2060 645 2113 et
670 2051 704 2112 in
726 2072 766 2115 ea
788 2053 937 2115 tumulus
961 2063 1115 2116 terrenus

65 2155 141 2207 satis
162 2146 307 2227 grandis
357 2145 423 2209 Hic
446 2146 540 2210 locus
564 2168 671 2230 aequo
693 2146 764 2212 fere
795 2151 904 2232 spatio
927 2151 969 2214 ab
992 2151 1112 2215 castris

66 2241 221 2306 Ariovisti
246 2253 281 2306 et
306 2242 460 2306 Caesaris
484 2245 607 2308 aberat,
656 2245 717 2321 Eo,
746 2257 783 2310 ut
809 2257 880 2310 erat
910 2248 978 2311 dict
965 2258 1046 2323 utm,
1073 2247 1163 2322 ad·

67 2340 270 2423 conloquium
289 2351 464 2405 venerunt.
511 2339 719 2424 ²Legionem
746 2344 879 2422 Caesar,
897 2369 995 2432 quam
1020 2347 1114 2431 equis

67 2437 244 2513 devexerat,
270 2439 423 2520 passibus
448 2440 602 2504 ducentis
637 2442 680 2504 ab
711 2462 750 2506 eo
775 2446 903 2508 tumulo
927 2446 1114 2509 constituit.

69 2532 147 2596 Item
178 2535 514 2618 equites-Ariovisti
552 2539 624 2619 pari
662 2539 839 2604 intervallo
878 2544 1111 2609 constiterunt.

69 2629 250 2696 Ariovistus
282 2653 323 2696 ex
351 2633 446 2715 equis
473 2644 509 2704 ut
545 2635 834 2718 conloquerentur,
861 2651 895 2704 et
920 2651 1053 2724 praeter
1080 2662 1115 2705 se

68 2728 160 2793 denos
184 2740 221 2792 ut
245 2731 287 2792 ad
311 2731 523 2812 conloquium
548 2733 762 2812 adducerent,
787 2738 977 2818 postulavit
1024 2737 1158 2814 8Ubi25

68 2846 103 2886 eo
125 2840 259 2890 ventum
284 2838 346 2901 est,
372 2827 499 2892 Caesar
522 2829 618 2902 initio
642 2833 803 2896 orationis
827 2855 887 2898 sua
910 2847 1114 2932 senatusque

67 2923 97 2983 in
120 2944 189 2988 eum
222 2925 385 2988 beneficia
413 2929 697 3004 commemoravit,
722 2931 810 3012 quod
843 2953 900 2996 rex
927 2934 1114 3017 appellatus

67 3032 189 3086 esseta
169 3032 341 3097 asenatu,
364 3024 451 3105 quod
476 3025 611 3099 amicus,
637 3028 725 3107 quod
749 3050 888 3093 munera
911 3032 1115 3114 amplissime

68 3116 178 3181 missa·
171 3140 302 3202 ,quam
326 3140 395 3182 rern
420 3132 452 3183 et
481 3122 595 3202 paucis
627 3125 743 3186 conti<t
721 3125 820 3207 isse,
844 3138 877 3191 et
901 3150 961 3212 pro
985 3131 1115 3212 magnis

68 3211 228 3279 hominum
252 3216 370 3280 officiis
395 3238 577 3283 consuesse
601 3221 703 3284 tribui
727 3224 887 3288 docebat·
881 3227 1013 3303 ‚illum,
1039 3249 1113 3291 cunr
1129 3250 1160 3299 30

68 3329 212 3392 nequea
193 3315 320 3377 aditum
349 3335 459 3396 neque
483 3337 617 3379 causam
645 3330 721 3400 post
709 3321 874 3384 utlandi
864 3335 933 3406 Just
937 3346 988 3388 am
1018 3326 1116 3390 habe·

68 3417 123 3483 ret,
139 3410 299 3475 beneficio
315 3433 353 3475 ac
374 3411 575 3476 liberalitate
599 3435 660 3478 sua
683 3438 721 3480 ac
745 3430 883 3483 senatus
906 3442 944 3485 ea
968 3418 1116 3504 praemia

69 3519 284 3572 consecutum.
330 3506 506 3574 4Dooebat
533 3513 644 3587 etiam,
665 3536 769 3624 ¹quarn
793 3528 925 3581 ieteres
950 3541 1115 3603 quamque

67 3602 168 3680 justae
204 3627 323 3670 causae
362 3618 510 3671 necessr
497 3609 671 3672 ud1n1s
663 3613 744 3692 ipsis
778 3635 853 3677 cum
887 3617 1078 3680 Haeduis'
1070 3639 1116 3681 ιιι-

68 3704 276 3780 tercederent,
301 3725 428 3786 quaes
414 3715 551 3768 senatus
582 3709 745 3785 consulta,
771 3714 924 3792 quotiens
948 3735 1114 3796 quamque
1128 3738 1158 3788 35

68 3796 246 3878 honorifica,
264 3801 298 3864 in
323 3823 380 3865 eos
404 3799 493 3866 facta
517 3815 639 3880 essent,
659 3816 696 3874 ut
720 3809 810 3869 omni
834 3819 985 3888 tempore
1009 3810 1114 3869 totius
