<?xml version="1.0" encoding="UTF-8"?>
<!DOCTYPE html PUBLIC "-//W3C//DTD XHTML 1.0 Transitional//EN"
    "http://www.w3.org/TR/xhtml1/DTD/xhtml1-transitional.dtd">
<html xmlns="http://www.w3.org/1999/xhtml" xml:lang="en" lang="en">
 <head>
  <title>
</title>
<meta http-equiv="Content-Type" content="text/html;charset=utf-8" />
  <meta name='ocr-system' content='tesseract 3.04.00' />
  <meta name='ocr-capabilities' content='ocr_page ocr_carea ocr_par ocr_line ocrx_word'/>
</head>
<body>
  <div class='ocr_page' id='page_1' title='image "./caesarsgallicwa01greegoog_0202.png"; bbox 0 0 2667 4159; ppageno 0'>
   <div class='ocr_carea' id='block_1_1' title="bbox 212 195 1255 299">
    <p class='ocr_par' dir='ltr' id='par_1_1' title="bbox 212 195 1255 299">
     <span class='ocr_line' id='line_1_1' title="bbox 212 195 1255 299; baseline -0.023 -8"><span class='ocrx_word' id='word_1_1' title='bbox 212 233 271 299; x_wconf 90' lang='lat'>170</span> <span class='ocrx_word' id='word_1_2' title='bbox 519 219 686 281; x_wconf 81' lang='lat' dir='ltr'><em>Labienus</em></span> <span class='ocrx_word' id='word_1_3' title='bbox 701 241 741 281; x_wconf 83' lang='lat' dir='ltr'>on</span> <span class='ocrx_word' id='word_1_4' title='bbox 757 219 810 280; x_wconf 80' lang='lat' dir='ltr'>tlte</span> <span class='ocrx_word' id='word_1_5' title='bbox 826 219 929 282; x_wconf 73' lang='lat' dir='ltr'>Scine.</span> <span class='ocrx_word' id='word_1_6' title='bbox 987 195 991 203; x_wconf 39' lang='lat'>⁸</span> <span class='ocrx_word' id='word_1_7' title='bbox 1133 217 1255 286; x_wconf 70' lang='lat' dir='ltr'>[Casan</span> 
     </span>
    </p>
   </div>
   <div class='ocr_carea' id='block_1_2' title="bbox 148 412 1327 4029">
    <p class='ocr_par' dir='ltr' id='par_1_2' title="bbox 174 412 1257 1300">
     <span class='ocr_line' id='line_1_2' title="bbox 207 412 1257 496; baseline -0.002 -18"><span class='ocrx_word' id='word_1_8' title='bbox 207 415 327 478; x_wconf 90' lang='lat' dir='ltr'>endum</span> <span class='ocrx_word' id='word_1_9' title='bbox 350 415 567 488; x_wconf 89' lang='lat' dir='ltr'>existimabat,</span> <span class='ocrx_word' id='word_1_10' title='bbox 584 435 658 476; x_wconf 88' lang='lat' dir='ltr'>cum</span> <span class='ocrx_word' id='word_1_11' title='bbox 684 412 819 476; x_wconf 75' lang='lat' dir='ltr'>infamia</span> <span class='ocrx_word' id='word_1_12' title='bbox 834 425 933 496; x_wconf 89' lang='lat' dir='ltr'>atque</span> <span class='ocrx_word' id='word_1_13' title='bbox 957 413 1138 496; x_wconf 85' lang='lat' dir='ltr'>indignitas</span> <span class='ocrx_word' id='word_1_14' title='bbox 1153 414 1202 476; x_wconf 91' lang='lat' dir='ltr'>rei</span> <span class='ocrx_word' id='word_1_15' title='bbox 1225 425 1257 476; x_wconf 88' lang='lat' dir='ltr'>et</span> 
     </span>
     <span class='ocr_line' id='line_1_3' title="bbox 207 514 1255 597; baseline 0 -21"><span class='ocrx_word' id='word_1_16' title='bbox 207 516 377 596; x_wconf 89' lang='lat' dir='ltr'>oppositus</span> <span class='ocrx_word' id='word_1_17' title='bbox 400 537 492 577; x_wconf 92' lang='lat' dir='ltr'>mons</span> <span class='ocrx_word' id='word_1_18' title='bbox 515 515 671 578; x_wconf 83' lang='lat' dir='ltr'>Cevenna</span> <span class='ocrx_word' id='word_1_19' title='bbox 689 515 882 597; x_wconf 82' lang='lat' dir='ltr'>viarumque</span> <span class='ocrx_word' id='word_1_20' title='bbox 901 514 1077 577; x_wconf 88' lang='lat' dir='ltr'>difficultas</span> <span class='ocrx_word' id='word_1_21' title='bbox 1099 514 1255 595; x_wconf 88' lang='lat' dir='ltr'>impedie-</span> 
     </span>
     <span class='ocr_line' id='line_1_4' title="bbox 206 614 1254 697; baseline 0 -21"><span class='ocrx_word' id='word_1_22' title='bbox 206 615 283 690; x_wconf 89' lang='lat' dir='ltr'>bat;</span> <span class='ocrx_word' id='word_1_23' title='bbox 318 627 385 678; x_wconf 90' lang='lat' dir='ltr'>tum</span> <span class='ocrx_word' id='word_1_24' title='bbox 418 615 567 690; x_wconf 84' lang='lat' dir='ltr'>maxime,</span> <span class='ocrx_word' id='word_1_25' title='bbox 599 616 686 697; x_wconf 92' lang='lat' dir='ltr'>quod</span> <span class='ocrx_word' id='word_1_26' title='bbox 717 614 875 696; x_wconf 85' lang='lat' dir='ltr'>abjuncto</span> <span class='ocrx_word' id='word_1_27' title='bbox 907 615 1055 677; x_wconf 84' lang='lat' dir='ltr'>Labieno</span> <span class='ocrx_word' id='word_1_28' title='bbox 1085 625 1187 695; x_wconf 89' lang='lat' dir='ltr'>atque</span> <span class='ocrx_word' id='word_1_29' title='bbox 1216 615 1254 676; x_wconf 93' lang='lat' dir='ltr'>iis</span> 
     </span>
     <span class='ocr_line' id='line_1_5' title="bbox 205 713 1254 797; baseline 0.001 -22"><span class='ocrx_word' id='word_1_30' title='bbox 205 713 389 796; x_wconf 82' lang='lat' dir='ltr'>legionibus</span> <span class='ocrx_word' id='word_1_31' title='bbox 433 737 514 797; x_wconf 85' lang='lat' dir='ltr'>quas</span> <span class='ocrx_word' id='word_1_32' title='bbox 556 737 621 777; x_wconf 89' lang='lat' dir='ltr'>una</span> <span class='ocrx_word' id='word_1_33' title='bbox 664 715 808 790; x_wconf 83' lang='lat' dir='ltr'>miserat,</span> <span class='ocrx_word' id='word_1_34' title='bbox 849 716 1065 778; x_wconf 89' lang='lat' dir='ltr'>vehementer</span> <span class='ocrx_word' id='word_1_35' title='bbox 1108 715 1254 777; x_wconf 88' lang='lat' dir='ltr'>timebat.</span> 
     </span>
     <span class='ocr_line' id='line_1_6' title="bbox 174 811 1255 896; baseline 0 -20"><span class='ocrx_word' id='word_1_36' title='bbox 174 811 352 896; x_wconf 80' lang='lat' dir='ltr'>5³ltaque‚</span> <span class='ocrx_word' id='word_1_37' title='bbox 377 816 552 878; x_wconf 86' lang='lat' dir='ltr'>admodum</span> <span class='ocrx_word' id='word_1_38' title='bbox 578 817 709 896; x_wconf 85' lang='lat' dir='ltr'>magnis</span> <span class='ocrx_word' id='word_1_39' title='bbox 731 815 857 877; x_wconf 92' lang='lat' dir='ltr'>diurnis</span> <span class='ocrx_word' id='word_1_40' title='bbox 884 825 984 896; x_wconf 88' lang='lat' dir='ltr'>atque</span> <span class='ocrx_word' id='word_1_41' title='bbox 1007 815 1178 877; x_wconf 88' lang='lat' dir='ltr'>nocturnis</span> <span class='ocrx_word' id='word_1_42' title='bbox 1205 815 1255 876; x_wconf 92' lang='lat' dir='ltr'>iti·</span> 
     </span>
     <span class='ocr_line' id='line_1_7' title="bbox 205 913 1253 996; baseline 0.001 -20"><span class='ocrx_word' id='word_1_43' title='bbox 205 915 337 978; x_wconf 90' lang='lat' dir='ltr'>neribus</span> <span class='ocrx_word' id='word_1_44' title='bbox 355 913 522 989; x_wconf 66' lang='lat' dir='ltr'>confectis</span> <span class='ocrx_word' id='word_1_45' title='bbox 541 926 656 978; x_wconf 86' lang='lat' dir='ltr'>contra</span> <span class='ocrx_word' id='word_1_46' title='bbox 672 916 819 978; x_wconf 92' lang='lat' dir='ltr'>omnium</span> <span class='ocrx_word' id='word_1_47' title='bbox 837 915 1027 996; x_wconf 89' lang='lat' dir='ltr'>opinionem</span> <span class='ocrx_word' id='word_1_48' title='bbox 1043 917 1083 977; x_wconf 89' lang='lat' dir='ltr'>ad</span> <span class='ocrx_word' id='word_1_49' title='bbox 1108 915 1253 996; x_wconf 85' lang='lat' dir='ltr'>Ligerim</span> 
     </span>
     <span class='ocr_line' id='line_1_8' title="bbox 204 1015 1255 1098; baseline 0.003 -22"><span class='ocrx_word' id='word_1_50' title='bbox 204 1015 314 1091; x_wconf 90' lang='lat' dir='ltr'>venit;</span> <span class='ocrx_word' id='word_1_51' title='bbox 338 1017 487 1098; x_wconf 81' lang='lat' dir='ltr'>vadoque</span> <span class='ocrx_word' id='word_1_52' title='bbox 510 1037 566 1096; x_wconf 90' lang='lat' dir='ltr'>per</span> <span class='ocrx_word' id='word_1_53' title='bbox 585 1016 713 1097; x_wconf 85' lang='lat' dir='ltr'>equites</span> <span class='ocrx_word' id='word_1_54' title='bbox 738 1017 883 1090; x_wconf 88' lang='lat' dir='ltr'>invento,</span> <span class='ocrx_word' id='word_1_55' title='bbox 900 1037 960 1097; x_wconf 93' lang='lat' dir='ltr'>pro</span> <span class='ocrx_word' id='word_1_56' title='bbox 976 1015 1023 1078; x_wconf 91' lang='lat' dir='ltr'>rei</span> <span class='ocrx_word' id='word_1_57' title='bbox 1045 1016 1255 1089; x_wconf 87' lang='lat' dir='ltr'>necessitate,</span> 
     </span>
     <span class='ocr_line' id='line_1_9' title="bbox 203 1116 1255 1199; baseline 0.002 -23"><span class='ocrx_word' id='word_1_58' title='bbox 203 1128 397 1196; x_wconf 88' lang='lat' dir='ltr'>opportuno,</span> <span class='ocrx_word' id='word_1_59' title='bbox 415 1127 449 1178; x_wconf 90' lang='lat' dir='ltr'>ut</span> <span class='ocrx_word' id='word_1_60' title='bbox 466 1116 598 1178; x_wconf 85' lang='lat' dir='ltr'>brachia</span> <span class='ocrx_word' id='word_1_61' title='bbox 616 1118 722 1190; x_wconf 92' lang='lat' dir='ltr'>mod0,</span> <span class='ocrx_word' id='word_1_62' title='bbox 739 1128 840 1199; x_wconf 90' lang='lat' dir='ltr'>atque</span> <span class='ocrx_word' id='word_1_63' title='bbox 856 1116 985 1179; x_wconf 90' lang='lat' dir='ltr'>humeri</span> <span class='ocrx_word' id='word_1_64' title='bbox 1002 1117 1042 1178; x_wconf 90' lang='lat' dir='ltr'>ad</span> <span class='ocrx_word' id='word_1_65' title='bbox 1059 1117 1255 1178; x_wconf 89' lang='lat' dir='ltr'>sustinenda</span> 
     </span>
     <span class='ocr_line' id='line_1_10' title="bbox 203 1216 1253 1300; baseline 0.001 -23"><span class='ocrx_word' id='word_1_66' title='bbox 203 1237 293 1279; x_wconf 88' lang='lat' dir='ltr'>arma</span> <span class='ocrx_word' id='word_1_67' title='bbox 323 1217 416 1280; x_wconf 89' lang='lat' dir='ltr'>liberi</span> <span class='ocrx_word' id='word_1_68' title='bbox 447 1217 488 1279; x_wconf 92' lang='lat' dir='ltr'>ab</span> <span class='ocrx_word' id='word_1_69' title='bbox 515 1238 599 1300; x_wconf 90' lang='lat' dir='ltr'>aqua</span> <span class='ocrx_word' id='word_1_70' title='bbox 625 1238 699 1280; x_wconf 89' lang='lat' dir='ltr'>esse</span> <span class='ocrx_word' id='word_1_71' title='bbox 731 1228 876 1299; x_wconf 88' lang='lat' dir='ltr'>possent,</span> <span class='ocrx_word' id='word_1_72' title='bbox 903 1216 1064 1298; x_wconf 89' lang='lat' dir='ltr'>disposito</span> <span class='ocrx_word' id='word_1_73' title='bbox 1095 1216 1253 1298; x_wconf 88' lang='lat' dir='ltr'>equitatu,</span> 
     </span>
    </p>

    <p class='ocr_par' dir='ltr' id='par_1_3' title="bbox 156 1317 1256 1698">
     <span class='ocr_line' id='line_1_11' title="bbox 156 1317 1256 1401; baseline -0.002 -19"><span class='ocrx_word' id='word_1_74' title='bbox 156 1348 184 1382; x_wconf 92' lang='lat'>10</span> <span class='ocrx_word' id='word_1_75' title='bbox 203 1318 258 1400; x_wconf 92' lang='lat' dir='ltr'>qui</span> <span class='ocrx_word' id='word_1_76' title='bbox 281 1318 344 1380; x_wconf 94' lang='lat' dir='ltr'>vim</span> <span class='ocrx_word' id='word_1_77' title='bbox 370 1317 514 1380; x_wconf 89' lang='lat' dir='ltr'>fluminis</span> <span class='ocrx_word' id='word_1_78' title='bbox 539 1317 742 1400; x_wconf 87' lang='lat' dir='ltr'>relringeret,</span> <span class='ocrx_word' id='word_1_79' title='bbox 766 1330 865 1401; x_wconf 90' lang='lat' dir='ltr'>atque</span> <span class='ocrx_word' id='word_1_80' title='bbox 892 1318 1043 1381; x_wconf 90' lang='lat' dir='ltr'>hostibus</span> <span class='ocrx_word' id='word_1_81' title='bbox 1072 1317 1178 1398; x_wconf 92' lang='lat' dir='ltr'>primo</span> <span class='ocrx_word' id='word_1_82' title='bbox 1201 1319 1256 1380; x_wconf 91' lang='lat' dir='ltr'>ad-</span> 
     </span>
     <span class='ocr_line' id='line_1_12' title="bbox 202 1417 1254 1500; baseline 0.002 -21"><span class='ocrx_word' id='word_1_83' title='bbox 202 1430 316 1500; x_wconf 88' lang='lat' dir='ltr'>spectu</span> <span class='ocrx_word' id='word_1_84' title='bbox 337 1421 545 1500; x_wconf 72' lang='lat' dir='ltr'>perturbatis</span> <span class='ocrx_word' id='word_1_85' title='bbox 570 1420 765 1482; x_wconf 89' lang='lat' dir='ltr'>incolumem</span> <span class='ocrx_word' id='word_1_86' title='bbox 794 1420 973 1482; x_wconf 85' lang='lat' dir='ltr'>exercitum</span> <span class='ocrx_word' id='word_1_87' title='bbox 999 1419 1163 1495; x_wconf 78' lang='lat' dir='ltr'>traduxit,</span> <span class='ocrx_word' id='word_1_88' title='bbox 1187 1417 1254 1481; x_wconf 80' lang='lat' dir='ltr'>iru-</span> 
     </span>
     <span class='ocr_line' id='line_1_13' title="bbox 202 1520 1254 1604; baseline 0.001 -22"><span class='ocrx_word' id='word_1_89' title='bbox 202 1531 415 1604; x_wconf 88' lang='lat' dir='ltr'>mentumque</span> <span class='ocrx_word' id='word_1_90' title='bbox 442 1522 473 1584; x_wconf 94' lang='lat' dir='ltr'>in</span> <span class='ocrx_word' id='word_1_91' title='bbox 499 1521 586 1604; x_wconf 87' lang='lat' dir='ltr'>agris</span> <span class='ocrx_word' id='word_1_92' title='bbox 611 1533 644 1585; x_wconf 88' lang='lat' dir='ltr'>et</span> <span class='ocrx_word' id='word_1_93' title='bbox 672 1522 801 1603; x_wconf 89' lang='lat' dir='ltr'>pecoris</span> <span class='ocrx_word' id='word_1_94' title='bbox 825 1521 951 1601; x_wconf 89' lang='lat' dir='ltr'>copiam</span> <span class='ocrx_word' id='word_1_95' title='bbox 976 1531 1103 1601; x_wconf 66' lang='lat' dir='ltr'>nactus</span> <span class='ocrx_word' id='word_1_96' title='bbox 1128 1520 1254 1601; x_wconf 90' lang='lat' dir='ltr'>repleto</span> 
     </span>
     <span class='ocr_line' id='line_1_14' title="bbox 202 1613 1182 1698; baseline 0.002 -16"><span class='ocrx_word' id='word_1_97' title='bbox 202 1622 252 1684; x_wconf 90' lang='lat' dir='ltr'>his</span> <span class='ocrx_word' id='word_1_98' title='bbox 277 1625 374 1686; x_wconf 89' lang='lat' dir='ltr'>rebus</span> <span class='ocrx_word' id='word_1_99' title='bbox 399 1623 552 1698; x_wconf 87' lang='lat' dir='ltr'>exercitu,</span> <span class='ocrx_word' id='word_1_100' title='bbox 577 1623 639 1686; x_wconf 89' lang='lat' dir='ltr'>iter</span> <span class='ocrx_word' id='word_1_101' title='bbox 663 1613 695 1685; x_wconf 91' lang='lat' dir='ltr'>in</span> <span class='ocrx_word' id='word_1_102' title='bbox 722 1624 871 1686; x_wconf 87' lang='lat' dir='ltr'>Senones</span> <span class='ocrx_word' id='word_1_103' title='bbox 894 1618 1004 1683; x_wconf 80' lang='lat' dir='ltr'>lacere</span> <span class='ocrx_word' id='word_1_104' title='bbox 1028 1621 1182 1684; x_wconf 89' lang='lat' dir='ltr'>instituit.</span> 
     </span>
    </p>

    <p class='ocr_par' dir='ltr' id='par_1_4' title="bbox 248 1721 1255 1806">
     <span class='ocr_line' id='line_1_15' title="bbox 248 1721 1255 1806; baseline 0 -19"><span class='ocrx_word' id='word_1_105' title='bbox 248 1739 294 1804; x_wconf 80' lang='lat'>57.</span> <span class='ocrx_word' id='word_1_106' title='bbox 320 1725 408 1787; x_wconf 94' lang='lat' dir='ltr'>Dum</span> <span class='ocrx_word' id='word_1_107' title='bbox 429 1725 510 1788; x_wconf 88' lang='lat' dir='ltr'>haec</span> <span class='ocrx_word' id='word_1_108' title='bbox 530 1726 614 1806; x_wconf 90' lang='lat' dir='ltr'>apud</span> <span class='ocrx_word' id='word_1_109' title='bbox 637 1723 811 1787; x_wconf 88' lang='lat' dir='ltr'>Caesarem</span> <span class='ocrx_word' id='word_1_110' title='bbox 832 1734 1001 1805; x_wconf 90' lang='lat' dir='ltr'>geruntur,</span> <span class='ocrx_word' id='word_1_111' title='bbox 1020 1721 1197 1795; x_wconf 86' lang='lat' dir='ltr'>Labienus,</span> <span class='ocrx_word' id='word_1_112' title='bbox 1214 1743 1255 1787; x_wconf 92' lang='lat' dir='ltr'>eo</span> 
     </span>
    </p>

    <p class='ocr_par' dir='ltr' id='par_1_5' title="bbox 154 1821 1326 2308">
     <span class='ocr_line' id='line_1_16' title="bbox 154 1821 1254 1908; baseline 0.002 -23"><span class='ocrx_word' id='word_1_113' title='bbox 154 1851 182 1903; x_wconf 86' lang='lat'>15</span> <span class='ocrx_word' id='word_1_114' title='bbox 201 1826 429 1906; x_wconf 88' lang='lat' dir='ltr'>supplemento</span> <span class='ocrx_word' id='word_1_115' title='bbox 449 1826 535 1908; x_wconf 90' lang='lat' dir='ltr'>quod</span> <span class='ocrx_word' id='word_1_116' title='bbox 565 1847 670 1906; x_wconf 87' lang='lat' dir='ltr'>nuper</span> <span class='ocrx_word' id='word_1_117' title='bbox 693 1847 732 1888; x_wconf 92' lang='lat' dir='ltr'>ex</span> <span class='ocrx_word' id='word_1_118' title='bbox 758 1825 853 1886; x_wconf 90' lang='lat' dir='ltr'>ltalia</span> <span class='ocrx_word' id='word_1_119' title='bbox 868 1834 1002 1886; x_wconf 89' lang='lat' dir='ltr'>venerat</span> <span class='ocrx_word' id='word_1_120' title='bbox 1028 1821 1141 1885; x_wconf 89' lang='lat' dir='ltr'>relicto</span> <span class='ocrx_word' id='word_1_121' title='bbox 1161 1823 1254 1904; x_wconf 82' lang='lat' dir='ltr'>Age·</span> 
     </span>
     <span class='ocr_line' id='line_1_17' title="bbox 200 1924 1256 2007; baseline 0.001 -22"><span class='ocrx_word' id='word_1_122' title='bbox 200 1925 273 1992; x_wconf 83' lang='lat' dir='ltr'>dici.</span> <span class='ocrx_word' id='word_1_123' title='bbox 305 1938 340 1988; x_wconf 90' lang='lat' dir='ltr'>ut</span> <span class='ocrx_word' id='word_1_124' title='bbox 375 1935 464 1989; x_wconf 88' lang='lat' dir='ltr'>esset</span> <span class='ocrx_word' id='word_1_125' title='bbox 498 1925 745 2006; x_wconf 88' lang='lat' dir='ltr'>impedimentis</span> <span class='ocrx_word' id='word_1_126' title='bbox 779 1924 953 2007; x_wconf 91' lang='lat' dir='ltr'>praesidio,</span> <span class='ocrx_word' id='word_1_127' title='bbox 986 1944 1061 1986; x_wconf 92' lang='lat' dir='ltr'>cum</span> <span class='ocrx_word' id='word_1_128' title='bbox 1096 1933 1256 2005; x_wconf 90' lang='lat' dir='ltr'>quattuor</span> 
     </span>
     <span class='ocr_line' id='line_1_18' title="bbox 199 2020 1326 2106; baseline 0.001 -20"><span class='ocrx_word' id='word_1_129' title='bbox 199 2024 384 2105; x_wconf 85' lang='lat' dir='ltr'>legionibus</span> <span class='ocrx_word' id='word_1_130' title='bbox 411 2026 577 2088; x_wconf 90' lang='lat' dir='ltr'>Lutetiam</span> <span class='ocrx_word' id='word_1_131' title='bbox 601 2026 840 2106; x_wconf 87' lang='lat' dir='ltr'>proficiscitur:</span> <span class='ocrx_word' id='word_1_132' title='bbox 863 2024 894 2086; x_wconf 93' lang='lat' dir='ltr'>id</span> <span class='ocrx_word' id='word_1_133' title='bbox 919 2034 971 2087; x_wconf 91' lang='lat' dir='ltr'>est</span> <span class='ocrx_word' id='word_1_134' title='bbox 989 2024 1146 2105; x_wconf 91' lang='lat' dir='ltr'>oppidum</span> <span class='ocrx_word' id='word_1_135' title='bbox 1165 2025 1253 2087; x_wconf 91' lang='lat' dir='ltr'>Pari·</span> <span class='ocrx_word' id='word_1_136' title='bbox 1325 2020 1326 2029; x_wconf 66' lang='grc'>’</span> 
     </span>
     <span class='ocr_line' id='line_1_19' title="bbox 186 2125 1252 2208; baseline 0.002 -22"><span class='ocrx_word' id='word_1_137' title='bbox 186 2125 330 2200; x_wconf 77' lang='lat' dir='ltr'>sionim,</span> <span class='ocrx_word' id='word_1_138' title='bbox 359 2127 444 2208; x_wconf 91' lang='lat' dir='ltr'>quod</span> <span class='ocrx_word' id='word_1_139' title='bbox 471 2127 612 2208; x_wconf 89' lang='lat' dir='ltr'>positum</span> <span class='ocrx_word' id='word_1_140' title='bbox 636 2138 687 2189; x_wconf 89' lang='lat' dir='ltr'>est</span> <span class='ocrx_word' id='word_1_141' title='bbox 709 2127 741 2188; x_wconf 92' lang='lat' dir='ltr'>in</span> <span class='ocrx_word' id='word_1_142' title='bbox 766 2125 874 2187; x_wconf 89' lang='lat' dir='ltr'>insula</span> <span class='ocrx_word' id='word_1_143' title='bbox 897 2125 1043 2186; x_wconf 89' lang='lat' dir='ltr'>fluminis</span> <span class='ocrx_word' id='word_1_144' title='bbox 1069 2125 1252 2206; x_wconf 85' lang='lat' dir='ltr'>Sequanae.</span> 
     </span>
     <span class='ocr_line' id='line_1_20' title="bbox 198 2223 1326 2308; baseline -0.002 -18"><span class='ocrx_word' id='word_1_145' title='bbox 198 2223 326 2308; x_wconf 84' lang='lat' dir='ltr'>²Cujus</span> <span class='ocrx_word' id='word_1_146' title='bbox 344 2229 487 2290; x_wconf 87' lang='lat' dir='ltr'>adventu</span> <span class='ocrx_word' id='word_1_147' title='bbox 504 2228 545 2290; x_wconf 91' lang='lat' dir='ltr'>ab</span> <span class='ocrx_word' id='word_1_148' title='bbox 561 2229 712 2290; x_wconf 89' lang='lat' dir='ltr'>hostibus</span> <span class='ocrx_word' id='word_1_149' title='bbox 729 2227 872 2307; x_wconf 88' lang='lat' dir='ltr'>cognit0,</span> <span class='ocrx_word' id='word_1_150' title='bbox 890 2246 1028 2306; x_wconf 85' lang='lat' dir='ltr'>magnae</span> <span class='ocrx_word' id='word_1_151' title='bbox 1044 2246 1085 2287; x_wconf 91' lang='lat' dir='ltr'>ex</span> <span class='ocrx_word' id='word_1_152' title='bbox 1101 2225 1252 2288; x_wconf 86' lang='lat' dir='ltr'>finitimis</span> <span class='ocrx_word' id='word_1_153' title='bbox 1325 2232 1326 2279; x_wconf 79' lang='grc' dir='ltr'>ἶ</span> 
     </span>
    </p>

    <p class='ocr_par' dir='ltr' id='par_1_6' title="bbox 150 2325 1326 2816">
     <span class='ocr_line' id='line_1_21' title="bbox 150 2325 1253 2410; baseline -0.001 -23"><span class='ocrx_word' id='word_1_154' title='bbox 150 2353 181 2388; x_wconf 91' lang='lat'>20</span> <span class='ocrx_word' id='word_1_155' title='bbox 200 2326 387 2389; x_wconf 88' lang='lat' dir='ltr'>civitatibus</span> <span class='ocrx_word' id='word_1_156' title='bbox 412 2329 525 2410; x_wconf 92' lang='lat' dir='ltr'>copiae</span> <span class='ocrx_word' id='word_1_157' title='bbox 549 2338 784 2390; x_wconf 87' lang='lat' dir='ltr'>convenerunt.</span> <span class='ocrx_word' id='word_1_158' title='bbox 833 2327 971 2389; x_wconf 85' lang='lat' dir='ltr'>Summa</span> <span class='ocrx_word' id='word_1_159' title='bbox 997 2325 1127 2407; x_wconf 92' lang='lat' dir='ltr'>imperii</span> <span class='ocrx_word' id='word_1_160' title='bbox 1156 2326 1253 2389; x_wconf 90' lang='lat' dir='ltr'>tradi-</span> 
     </span>
     <span class='ocr_line' id='line_1_22' title="bbox 200 2423 1252 2510; baseline 0.001 -22"><span class='ocrx_word' id='word_1_161' title='bbox 200 2437 252 2488; x_wconf 92' lang='lat' dir='ltr'>tur</span> <span class='ocrx_word' id='word_1_162' title='bbox 284 2428 507 2510; x_wconf 86' lang='lat' dir='ltr'>Camulogeno</span> <span class='ocrx_word' id='word_1_163' title='bbox 539 2428 692 2503; x_wconf 87' lang='lat' dir='ltr'>Aulerco,</span> <span class='ocrx_word' id='word_1_164' title='bbox 720 2428 776 2510; x_wconf 91' lang='lat' dir='ltr'>qui</span> <span class='ocrx_word' id='word_1_165' title='bbox 807 2448 907 2508; x_wconf 89' lang='lat' dir='ltr'>prope</span> <span class='ocrx_word' id='word_1_166' title='bbox 938 2423 1111 2488; x_wconf 80' lang='lat' dir='ltr'>conlectus</span> <span class='ocrx_word' id='word_1_167' title='bbox 1142 2436 1252 2489; x_wconf 90' lang='lat' dir='ltr'>aetate</span> 
     </span>
     <span class='ocr_line' id='line_1_23' title="bbox 199 2527 1326 2610; baseline 0.001 -21"><span class='ocrx_word' id='word_1_168' title='bbox 199 2538 308 2590; x_wconf 88' lang='lat' dir='ltr'>tamen</span> <span class='ocrx_word' id='word_1_169' title='bbox 327 2539 459 2608; x_wconf 88' lang='lat' dir='ltr'>propter</span> <span class='ocrx_word' id='word_1_170' title='bbox 475 2529 673 2610; x_wconf 86' lang='lat' dir='ltr'>singularem</span> <span class='ocrx_word' id='word_1_171' title='bbox 692 2528 862 2591; x_wconf 89' lang='lat' dir='ltr'>scientiam</span> <span class='ocrx_word' id='word_1_172' title='bbox 882 2527 928 2589; x_wconf 90' lang='lat' dir='ltr'>rei</span> <span class='ocrx_word' id='word_1_173' title='bbox 945 2527 1096 2589; x_wconf 92' lang='lat' dir='ltr'>militaris</span> <span class='ocrx_word' id='word_1_174' title='bbox 1113 2529 1154 2590; x_wconf 90' lang='lat' dir='ltr'>ad</span> <span class='ocrx_word' id='word_1_175' title='bbox 1176 2549 1250 2590; x_wconf 89' lang='lat' dir='ltr'>eum</span> <span class='ocrx_word' id='word_1_176' title='bbox 1325 2570 1326 2583; x_wconf 27' lang='grc' dir='ltr'><strong>η</strong></span> 
     </span>
     <span class='ocr_line' id='line_1_24' title="bbox 199 2628 1251 2711; baseline 0.001 -21"><span class='ocrx_word' id='word_1_177' title='bbox 199 2637 249 2691; x_wconf 88' lang='lat' dir='ltr'>est</span> <span class='ocrx_word' id='word_1_178' title='bbox 276 2629 432 2692; x_wconf 90' lang='lat' dir='ltr'>honorem</span> <span class='ocrx_word' id='word_1_179' title='bbox 459 2642 623 2693; x_wconf 87' lang='lat' dir='ltr'>evocatus.</span> <span class='ocrx_word' id='word_1_180' title='bbox 676 2628 733 2691; x_wconf 86' lang='lat' dir='ltr'>³ls</span> <span class='ocrx_word' id='word_1_181' title='bbox 759 2651 834 2692; x_wconf 87' lang='lat' dir='ltr'>eum</span> <span class='ocrx_word' id='word_1_182' title='bbox 863 2629 1150 2691; x_wconf 88' lang='lat' dir='ltr'>animadvertisset</span> <span class='ocrx_word' id='word_1_183' title='bbox 1178 2650 1251 2711; x_wconf 90' lang='lat' dir='ltr'>per·</span> 
     </span>
     <span class='ocr_line' id='line_1_25' title="bbox 198 2722 1326 2816; baseline 0.001 -24"><span class='ocrx_word' id='word_1_184' title='bbox 198 2741 329 2810; x_wconf 90' lang='lat' dir='ltr'>petuam</span> <span class='ocrx_word' id='word_1_185' title='bbox 349 2753 421 2794; x_wconf 88' lang='lat' dir='ltr'>esse</span> <span class='ocrx_word' id='word_1_186' title='bbox 441 2734 590 2814; x_wconf 87' lang='lat' dir='ltr'>paludem</span> <span class='ocrx_word' id='word_1_187' title='bbox 610 2755 694 2816; x_wconf 88' lang='lat' dir='ltr'>quae</span> <span class='ocrx_word' id='word_1_188' title='bbox 712 2733 863 2795; x_wconf 83' lang='lat' dir='ltr'>influeret</span> <span class='ocrx_word' id='word_1_189' title='bbox 883 2731 914 2792; x_wconf 94' lang='lat' dir='ltr'>in</span> <span class='ocrx_word' id='word_1_190' title='bbox 935 2730 1134 2812; x_wconf 89' lang='lat' dir='ltr'>Sequanam,</span> <span class='ocrx_word' id='word_1_191' title='bbox 1151 2742 1250 2813; x_wconf 90' lang='lat' dir='ltr'>atque</span> <span class='ocrx_word' id='word_1_192' title='bbox 1325 2722 1326 2775; x_wconf 48' lang='lat' dir='ltr'>l</span> 
     </span>
    </p>

    <p class='ocr_par' dir='ltr' id='par_1_7' title="bbox 149 2828 1249 3017">
     <span class='ocr_line' id='line_1_26' title="bbox 149 2828 1249 2916; baseline 0.003 -26"><span class='ocrx_word' id='word_1_193' title='bbox 149 2847 179 2898; x_wconf 81' lang='lat'>25</span> <span class='ocrx_word' id='word_1_194' title='bbox 198 2828 287 2892; x_wconf 90' lang='lat' dir='ltr'>illum</span> <span class='ocrx_word' id='word_1_195' title='bbox 309 2853 439 2895; x_wconf 91' lang='lat' dir='ltr'>omnem</span> <span class='ocrx_word' id='word_1_196' title='bbox 463 2835 570 2897; x_wconf 92' lang='lat' dir='ltr'>locum</span> <span class='ocrx_word' id='word_1_197' title='bbox 592 2855 792 2916; x_wconf 87' lang='lat' dir='ltr'>magnopere</span> <span class='ocrx_word' id='word_1_198' title='bbox 814 2832 996 2914; x_wconf 90' lang='lat' dir='ltr'>impediret,</span> <span class='ocrx_word' id='word_1_199' title='bbox 1013 2831 1066 2893; x_wconf 90' lang='lat' dir='ltr'>hic</span> <span class='ocrx_word' id='word_1_200' title='bbox 1086 2833 1249 2905; x_wconf 89' lang='lat' dir='ltr'>consedit,</span> 
     </span>
     <span class='ocr_line' id='line_1_27' title="bbox 197 2922 1036 3017; baseline 0.005 -25"><span class='ocrx_word' id='word_1_201' title='bbox 197 2945 396 3016; x_wconf 89' lang='lat' dir='ltr'>nostrosque</span> <span class='ocrx_word' id='word_1_202' title='bbox 413 2936 552 2997; x_wconf 90' lang='lat' dir='ltr'>transitu</span> <span class='ocrx_word' id='word_1_203' title='bbox 570 2936 744 3017; x_wconf 88' lang='lat' dir='ltr'>probibere</span> <span class='ocrx_word' id='word_1_204' title='bbox 760 2935 915 2997; x_wconf 91' lang='lat' dir='ltr'>instituit.</span> <span class='ocrx_word' id='word_1_205' title='bbox 1032 2922 1036 2930; x_wconf 42' lang='lat'>¹</span> 
     </span>
    </p>

    <p class='ocr_par' dir='ltr' id='par_1_8' title="bbox 197 3036 1326 3319">
     <span class='ocr_line' id='line_1_28' title="bbox 242 3036 1326 3120; baseline -0.002 -23"><span class='ocrx_word' id='word_1_206' title='bbox 242 3037 292 3115; x_wconf 84' lang='lat'>58.</span> <span class='ocrx_word' id='word_1_207' title='bbox 320 3036 486 3099; x_wconf 86' lang='lat' dir='ltr'>Labienus</span> <span class='ocrx_word' id='word_1_208' title='bbox 511 3037 616 3118; x_wconf 91' lang='lat' dir='ltr'>primo</span> <span class='ocrx_word' id='word_1_209' title='bbox 637 3039 750 3100; x_wconf 90' lang='lat' dir='ltr'>vineas</span> <span class='ocrx_word' id='word_1_210' title='bbox 774 3059 879 3118; x_wconf 90' lang='lat' dir='ltr'>agere,</span> <span class='ocrx_word' id='word_1_211' title='bbox 900 3038 1046 3100; x_wconf 89' lang='lat' dir='ltr'>cratibus</span> <span class='ocrx_word' id='word_1_212' title='bbox 1069 3048 1173 3120; x_wconf 87' lang='lat' dir='ltr'>atque</span> <span class='ocrx_word' id='word_1_213' title='bbox 1196 3056 1250 3117; x_wconf 86' lang='lat' dir='ltr'>ag·</span> <span class='ocrx_word' id='word_1_214' title='bbox 1325 3048 1326 3095; x_wconf 70' lang='lat'>1</span> 
     </span>
     <span class='ocr_line' id='line_1_29' title="bbox 197 3138 1248 3222; baseline 0.005 -25"><span class='ocrx_word' id='word_1_215' title='bbox 197 3157 275 3215; x_wconf 88' lang='lat' dir='ltr'>gere</span> <span class='ocrx_word' id='word_1_216' title='bbox 309 3138 458 3218; x_wconf 88' lang='lat' dir='ltr'>paludem</span> <span class='ocrx_word' id='word_1_217' title='bbox 494 3139 635 3218; x_wconf 85' lang='lat' dir='ltr'>explere,</span> <span class='ocrx_word' id='word_1_218' title='bbox 667 3151 766 3222; x_wconf 92' lang='lat' dir='ltr'>atque</span> <span class='ocrx_word' id='word_1_219' title='bbox 800 3140 863 3202; x_wconf 89' lang='lat' dir='ltr'>iter</span> <span class='ocrx_word' id='word_1_220' title='bbox 896 3140 1024 3202; x_wconf 87' lang='lat' dir='ltr'>munire</span> <span class='ocrx_word' id='word_1_221' title='bbox 1058 3138 1248 3201; x_wconf 89' lang='lat' dir='ltr'>conabatur.</span> 
     </span>
     <span class='ocr_line' id='line_1_30' title="bbox 199 3235 1249 3319; baseline 0.001 -22"><span class='ocrx_word' id='word_1_222' title='bbox 199 3235 375 3319; x_wconf 87' lang='lat' dir='ltr'>Postquam</span> <span class='ocrx_word' id='word_1_223' title='bbox 402 3239 433 3300; x_wconf 94' lang='lat' dir='ltr'>id</span> <span class='ocrx_word' id='word_1_224' title='bbox 462 3239 626 3302; x_wconf 86' lang='lat' dir='ltr'>difficilius</span> <span class='ocrx_word' id='word_1_225' title='bbox 651 3241 784 3302; x_wconf 83' lang='lat' dir='ltr'>confieri</span> <span class='ocrx_word' id='word_1_226' title='bbox 808 3241 1048 3312; x_wconf 86' lang='lat' dir='ltr'>animadvertit,</span> <span class='ocrx_word' id='word_1_227' title='bbox 1073 3239 1207 3301; x_wconf 89' lang='lat' dir='ltr'>silentio</span> <span class='ocrx_word' id='word_1_228' title='bbox 1231 3258 1249 3298; x_wconf 88' lang='lat' dir='ltr'>e</span> 
     </span>
    </p>

    <p class='ocr_par' dir='ltr' id='par_1_9' title="bbox 148 3339 1326 3824">
     <span class='ocr_line' id='line_1_31' title="bbox 148 3339 1326 3422; baseline 0.003 -27"><span class='ocrx_word' id='word_1_229' title='bbox 148 3360 178 3410; x_wconf 87' lang='lat'>30</span> <span class='ocrx_word' id='word_1_230' title='bbox 198 3339 314 3399; x_wconf 87' lang='lat' dir='ltr'>castris</span> <span class='ocrx_word' id='word_1_231' title='bbox 334 3339 432 3402; x_wconf 88' lang='lat' dir='ltr'>tertia</span> <span class='ocrx_word' id='word_1_232' title='bbox 448 3341 561 3420; x_wconf 87' lang='lat' dir='ltr'>vigilia</span> <span class='ocrx_word' id='word_1_233' title='bbox 582 3362 746 3422; x_wconf 70' lang='lat' dir='ltr'>egressus</span> <span class='ocrx_word' id='word_1_234' title='bbox 762 3343 877 3404; x_wconf 91' lang='lat' dir='ltr'>eodem</span> <span class='ocrx_word' id='word_1_235' title='bbox 897 3363 961 3422; x_wconf 92' lang='lat' dir='ltr'>quo</span> <span class='ocrx_word' id='word_1_236' title='bbox 977 3350 1111 3403; x_wconf 89' lang='lat' dir='ltr'>venerat</span> <span class='ocrx_word' id='word_1_237' title='bbox 1132 3339 1249 3401; x_wconf 87' lang='lat' dir='ltr'>itinere</span> <span class='ocrx_word' id='word_1_238' title='bbox 1325 3368 1326 3371; x_wconf 38' lang='lat'>¹</span> 
     </span>
     <span class='ocr_line' id='line_1_32' title="bbox 198 3437 1248 3524; baseline 0 -26"><span class='ocrx_word' id='word_1_239' title='bbox 198 3437 411 3501; x_wconf 86' lang='lat' dir='ltr'>Melodunum</span> <span class='ocrx_word' id='word_1_240' title='bbox 445 3442 602 3522; x_wconf 85' lang='lat' dir='ltr'>pervenit.</span> <span class='ocrx_word' id='word_1_241' title='bbox 649 3438 710 3503; x_wconf 82' lang='lat' dir='ltr'>2ld</span> <span class='ocrx_word' id='word_1_242' title='bbox 742 3452 791 3505; x_wconf 90' lang='lat' dir='ltr'>est</span> <span class='ocrx_word' id='word_1_243' title='bbox 823 3443 978 3524; x_wconf 90' lang='lat' dir='ltr'>oppidum</span> <span class='ocrx_word' id='word_1_244' title='bbox 1011 3441 1183 3504; x_wconf 88' lang='lat' dir='ltr'>Senonum</span> <span class='ocrx_word' id='word_1_245' title='bbox 1216 3437 1248 3500; x_wconf 91' lang='lat' dir='ltr'>in</span> 
     </span>
     <span class='ocr_line' id='line_1_33' title="bbox 197 3537 1250 3624; baseline 0.001 -26"><span class='ocrx_word' id='word_1_246' title='bbox 197 3537 302 3600; x_wconf 89' lang='lat' dir='ltr'>insula</span> <span class='ocrx_word' id='word_1_247' title='bbox 337 3541 510 3622; x_wconf 87' lang='lat' dir='ltr'>Sequanae</span> <span class='ocrx_word' id='word_1_248' title='bbox 545 3543 696 3622; x_wconf 90' lang='lat' dir='ltr'>positum,</span> <span class='ocrx_word' id='word_1_249' title='bbox 729 3554 765 3605; x_wconf 93' lang='lat' dir='ltr'>ut</span> <span class='ocrx_word' id='word_1_250' title='bbox 799 3544 895 3624; x_wconf 89' lang='lat' dir='ltr'>paulo</span> <span class='ocrx_word' id='word_1_251' title='bbox 929 3553 1006 3604; x_wconf 88' lang='lat' dir='ltr'>ante</span> <span class='ocrx_word' id='word_1_252' title='bbox 1036 3541 1076 3603; x_wconf 93' lang='lat' dir='ltr'>de</span> <span class='ocrx_word' id='word_1_253' title='bbox 1112 3539 1250 3603; x_wconf 88' lang='lat' dir='ltr'>Lutetia</span> 
     </span>
     <span class='ocr_line' id='line_1_34' title="bbox 196 3638 1248 3723; baseline 0.002 -25"><span class='ocrx_word' id='word_1_254' title='bbox 196 3638 349 3701; x_wconf 88' lang='lat' dir='ltr'>diximus.</span> <span class='ocrx_word' id='word_1_255' title='bbox 405 3639 654 3721; x_wconf 83' lang='lat' dir='ltr'>3Deprelrensis</span> <span class='ocrx_word' id='word_1_256' title='bbox 683 3643 821 3704; x_wconf 90' lang='lat' dir='ltr'>navibus</span> <span class='ocrx_word' id='word_1_257' title='bbox 849 3644 978 3706; x_wconf 84' lang='lat' dir='ltr'>circiter</span> <span class='ocrx_word' id='word_1_258' title='bbox 1005 3641 1248 3723; x_wconf 89' lang='lat' dir='ltr'>quinquaginta</span> 
     </span>
     <span class='ocr_line' id='line_1_35' title="bbox 197 3737 1248 3824; baseline 0.002 -26"><span class='ocrx_word' id='word_1_259' title='bbox 197 3737 410 3820; x_wconf 84' lang='lat' dir='ltr'>celeriterque</span> <span class='ocrx_word' id='word_1_260' title='bbox 439 3741 632 3821; x_wconf 66' lang='lat' dir='ltr'>conjunctis</span> <span class='ocrx_word' id='word_1_261' title='bbox 661 3755 759 3824; x_wconf 86' lang='lat' dir='ltr'>atque</span> <span class='ocrx_word' id='word_1_262' title='bbox 788 3765 826 3805; x_wconf 93' lang='lat' dir='ltr'>eo</span> <span class='ocrx_word' id='word_1_263' title='bbox 854 3744 1013 3805; x_wconf 90' lang='lat' dir='ltr'>militibus</span> <span class='ocrx_word' id='word_1_264' title='bbox 1044 3741 1187 3819; x_wconf 86' lang='lat' dir='ltr'>injectis,</span> <span class='ocrx_word' id='word_1_265' title='bbox 1215 3749 1248 3800; x_wconf 89' lang='lat' dir='ltr'>et</span> 
     </span>
    </p>

    <p class='ocr_par' dir='ltr' id='par_1_10' title="bbox 148 3836 1327 4029">
     <span class='ocr_line' id='line_1_36' title="bbox 148 3836 1327 3924; baseline 0.005 -28"><span class='ocrx_word' id='word_1_266' title='bbox 148 3847 176 3898; x_wconf 80' lang='lat'>35</span> <span class='ocrx_word' id='word_1_267' title='bbox 196 3836 241 3897; x_wconf 92' lang='lat' dir='ltr'>rei</span> <span class='ocrx_word' id='word_1_268' title='bbox 270 3839 415 3900; x_wconf 87' lang='lat' dir='ltr'>novitate</span> <span class='ocrx_word' id='word_1_269' title='bbox 442 3841 623 3919; x_wconf 85' lang='lat' dir='ltr'>perterritis</span> <span class='ocrx_word' id='word_1_270' title='bbox 651 3843 832 3921; x_wconf 84' lang='lat' dir='ltr'>oppidanis,</span> <span class='ocrx_word' id='word_1_271' title='bbox 857 3864 994 3924; x_wconf 89' lang='lat' dir='ltr'>quorum</span> <span class='ocrx_word' id='word_1_272' title='bbox 1024 3861 1144 3920; x_wconf 89' lang='lat' dir='ltr'>magna</span> <span class='ocrx_word' id='word_1_273' title='bbox 1173 3858 1248 3920; x_wconf 88' lang='lat' dir='ltr'>pars</span> <span class='ocrx_word' id='word_1_274' title='bbox 1325 3895 1327 3902; x_wconf 93' lang='lat'>.</span> 
     </span>
     <span class='ocr_line' id='line_1_37' title="bbox 196 3936 1327 4029; baseline 0.003 -33"><span class='ocrx_word' id='word_1_275' title='bbox 196 3946 266 3998; x_wconf 88' lang='lat' dir='ltr'>crat</span> <span class='ocrx_word' id='word_1_276' title='bbox 285 3939 324 3999; x_wconf 91' lang='lat' dir='ltr'>ad</span> <span class='ocrx_word' id='word_1_277' title='bbox 350 3939 470 4000; x_wconf 87' lang='lat' dir='ltr'>bellum</span> <span class='ocrx_word' id='word_1_278' title='bbox 488 3950 632 4010; x_wconf 85' lang='lat' dir='ltr'>evocata,</span> <span class='ocrx_word' id='word_1_279' title='bbox 650 3941 720 4002; x_wconf 90' lang='lat' dir='ltr'>sine</span> <span class='ocrx_word' id='word_1_280' title='bbox 738 3943 952 4005; x_wconf 86' lang='lat' dir='ltr'>contentione</span> <span class='ocrx_word' id='word_1_281' title='bbox 968 3941 1089 4022; x_wconf 87' lang='lat' dir='ltr'>oppido</span> <span class='ocrx_word' id='word_1_282' title='bbox 1114 3938 1247 4020; x_wconf 89' lang='lat' dir='ltr'>potitur.</span> <span class='ocrx_word' id='word_1_283' title='bbox 1325 3936 1327 4029; x_wconf 73' lang='lat' dir='ltr'><strong>j</strong></span> 
     </span>
    </p>
   </div>
   <div class='ocr_carea' id='block_1_3' title="bbox 0 0 1338 4159">
    <p class='ocr_par' dir='ltr' id='par_1_11' title="bbox 0 0 1338 4159">
     <span class='ocr_line' id='line_1_38' title="bbox 0 0 1338 4159; baseline 0 2"><span class='ocrx_word' id='word_1_284' title='bbox 0 0 1338 4159; x_wconf 95' lang='lat' dir='ltr'> </span> 
     </span>
    </p>
   </div>
  </div>
 </body>
</html>
