2667 4159
247 180 304 244 162
431 174 539 240 caesar
554 176 678 238 arrives
694 176 728 236 in
748 173 846 257 Camp
862 186 898 240 at
916 175 1083 258 Gergovia.
1172 175 1296 245 [CAESAR

226 370 330 455 quod
354 388 485 450 semper
510 368 725 430 Haeduorum
751 367 875 431 civitati
904 367 1079 450 praecipue
1105 369 1298 443 indulserat,

242 471 332 535 nulla
362 469 557 552 interposita
583 467 798 544 dubitatione,
825 467 975 550 legiones
1006 469 1177 550 expeditas
1208 482 1299 553 quat-

243 585 318 637 tuor
340 571 588 654 equitatumque
612 589 743 632 omnem
768 589 808 631 ex
831 569 950 632 castris
970 570 1101 648 educit;
1123 567 1215 636 2nec
1240 569 1301 634 luit

242 673 383 755 spatium
413 669 471 732 tali
499 682 646 751 tempore
670 671 710 732 ad
739 671 966 733 contrahenda
990 685 1105 746 castra,
1130 674 1222 755 quod
1252 694 1301 735 res

211 799 225 850 5
242 774 351 857 posita
366 772 399 834 in
417 770 585 834 celeritate
600 771 780 834 videbatur.
826 767 886 834 ³C.
902 772 1041 835 Fabium
1058 775 1208 855 legatum
1226 795 1300 836 curn

242 873 427 957 legionibus
452 872 579 934 duabus
607 872 724 934 castris
752 871 917 953 praesidio
941 874 1105 956 relinquit.
1163 875 1301 937 Fratres

244 975 384 1039 Litavici
408 994 483 1036 cum
508 973 743 1054 comprehendi
767 972 930 1056 jussisset,
952 973 1049 1056 paulo
1073 985 1152 1038 ante
1177 976 1303 1056 reperit

242 1078 284 1140 ad
315 1077 427 1138 hostes
460 1071 596 1155 fugisse.
657 1070 893 1138 4Adho'rtatus
924 1075 1044 1138 milites
1076 1095 1118 1138 ne
1149 1096 1304 1140 necessa-

243 1177 291 1240 rio
318 1186 467 1257 ternpore
495 1173 622 1237 itineris
652 1173 763 1237 labore
788 1186 1049 1256 permoveantur,
1074 1175 1302 1256 cupidissimis

197 1311 226 1347 10
243 1277 408 1352 omnibus,
425 1295 618 1357 progressus
637 1275 727 1338 milia
750 1296 906 1357 passuum
925 1293 1006 1351 xxv,
1021 1296 1140 1357 agmen
1168 1276 1304 1340 Haedu-

243 1400 336 1442 orum
356 1377 573 1459 conspicatus
591 1376 741 1440 immisso
760 1376 920 1459 equitatu,
938 1375 1001 1438 iter
1016 1396 1128 1439 eorum
1153 1387 1304 1440 moratur

244 1491 343 1565 atque
380 1478 537 1560 impedit;
579 1477 813 1560 interdicitque
844 1476 998 1539 omnibus
1029 1497 1070 1539 ne
1101 1497 1326 1560 quemquam,

245 1581 453 1645 interficiant.
498 1576 782 1661 ⁵Eporedorigem
807 1587 840 1640 et
866 1577 1120 1650 Viridomarum,
1144 1598 1230 1659 quos
1260 1578 1304 1639 illi
1325 1575 1326 1580 ’

245 1681 439 1747 interlectos
469 1681 714 1753 existimabant,
738 1679 824 1741 inter
851 1677 978 1761 equites
1005 1677 1127 1740 versari
1156 1698 1304 1760 suosque

199 1815 228 1866 15
245 1783 408 1866 appellare
431 1782 532 1865 jubet.
577 1779 668 1844 6His
692 1779 845 1861 cognitis
868 1788 903 1842 et
928 1777 1067 1841 Litavici
1089 1775 1209 1840 fraude
1233 1799 1305 1860 per-

246 1897 367 1967 specta,
386 1884 517 1947 Haedui
539 1902 657 1946 manus
675 1881 820 1955 tendere,
836 1878 1036 1941 deditionem
1056 1877 1255 1958 significare,
1273 1889 1304 1940 et

246 1985 402 2067 projectis
420 1985 520 2047 armis
537 1994 676 2048 mortem
700 1979 867 2060 deprecari
889 1977 1061 2060 incipiunt.
1106 1974 1303 2040 ⁷Litavicus

247 2107 323 2149 curn
352 2085 420 2148 suis
448 2085 634 2157 clientibus,
662 2082 782 2165 quibus
810 2099 900 2142 more
933 2079 1100 2142 Gallorum
1130 2077 1224 2141 nefas
1254 2091 1302 2142 est

247 2189 347 2250 etiam
372 2186 405 2248 in
425 2196 571 2248 extrema
594 2181 726 2247 fortuna
741 2182 893 2243 deserere
916 2188 1081 2261 patronos,
1099 2178 1301 2261 Gergoviam

199 2325 230 2359 20
248 2284 401 2369 profugit.

292 2405 342 2466 4¹·
367 2386 497 2461 Caesar,
521 2385 646 2448 nuntiis
674 2385 715 2447 ad
742 2380 911 2446 civitatem
941 2379 1156 2442 Haeduorum
1182 2380 1325 2454 missis}

249 2487 305 2571 qui
330 2508 389 2550 suo
416 2486 576 2549 beneficio
600 2493 813 2549 conservatos
836 2483 992 2544 docerent
1016 2499 1099 2562 quos
1124 2477 1200 2560 jure
1227 2480 1305 2543 belli

249 2592 434 2654 interficere
467 2591 640 2672 potuisset,
672 2589 843 2670 tribusque
878 2585 967 2648 boris
1004 2583 1111 2646 noctis
1143 2585 1304 2646 exercitui

249 2693 290 2753 ad
314 2692 458 2774 quietern
482 2690 576 2763 datis,
594 2700 701 2753 castra
723 2689 763 2751 ad
788 2685 987 2766 Gergoviam
1005 2683 1117 2746 movit.
1164 2671 1325 2746 ²Medi0l

202 2818 231 2869 25
250 2789 318 2854 lere
341 2792 468 2866 itinere,
485 2791 612 2872 equites
636 2791 678 2852 ab
703 2790 807 2853 Fabio
827 2786 919 2850 missi
943 2796 1068 2868 quanto
1084 2805 1136 2846 res
1160 2783 1195 2846 in
1220 2786 1302 2866 peri-

250 2892 324 2956 culo
346 2889 444 2954 fuerit
471 2902 658 2973 exponunt:
686 2889 823 2952 summis
848 2885 950 2970 copiis
979 2895 1088 2948 castra
1110 2897 1305 2966 oppugnata

249 2994 486 3066 demonstrant,
517 3014 590 3055 curn
623 2992 739 3054 crebro
766 2988 885 3070 integri
913 2983 1051 3050 defessis
1075 2986 1305 3059 succederent,

251 3106 448 3174 nostrosque
470 3091 604 3154 assiduo
629 3090 740 3153 labore
764 3087 995 3170 defatigarent,
1020 3085 1139 3168 quibus
1168 3098 1307 3168 propter

251 3193 512 3274 magnitudinem
531 3205 711 3255 castrorum
736 3203 895 3273 perpetuo
918 3197 1006 3252 esset
1030 3187 1134 3250 isdem
1159 3185 1193 3248 in
1219 3188 1306 3251 vallo

203 3294 527 3378 30permanendum3
561 3290 794 3354 3multitudine
829 3289 1024 3370 sagittarum
1061 3274 1324 3369 atque'omnis

251 3393 382 3472 generis
407 3392 545 3455 telorum
569 3392 690 3455 multos
706 3392 917 3466 vulneratos3
941 3391 982 3452 ad
1007 3390 1087 3451 baec
1107 3387 1305 3452 sustinenda
1323 3411 1324 3460 ῃ

251 3513 371 3572 magno
391 3494 463 3556 usui
489 3492 590 3556 luisse
613 3505 798 3569 tormenta;
820 3491 984 3554 4Fabium
1007 3491 1159 3552 discessu
1178 3509 1303 3555 eorum.

251 3595 378 3655 duabus
396 3594 518 3656 relictis
539 3595 650 3676 portis,
667 3597 838 3658 obstruere
854 3603 990 3665 ceteras
1007 3590 1205 3672 pluteosque
1221 3591 1303 3651 vallo
1323 3619 1324 3676 q

252 3694 380 3762 addere,
397 3705 428 3754 et
446 3714 479 3756 se
500 3695 531 3754 in
556 3708 722 3776 posterum
739 3697 826 3759 diem
847 3693 1054 3775 similemque
1072 3711 1184 3754 casum
1204 3710 1299 3772 appa-

206 3815 233 3864 35
253 3812 331 3854 rare.
378 3789 464 3854 ⁵llis
489 3796 585 3857 rebus
610 3798 763 3878 cognitis,
785 3798 907 3861 Caesar
930 3812 1061 3858 summo
1085 3791 1195 3854 studio
1221 3791 1300 3854 mili-

252 3904 321 3954 turn
339 3904 415 3955 ante
431 3905 536 3957 ortum
554 3897 632 3959 solis
649 3898 682 3958 in
700 3911 806 3962 castra
823 3897 984 3980 pervenit.
