<?xml version="1.0" encoding="UTF-8"?>
<!DOCTYPE html PUBLIC "-//W3C//DTD XHTML 1.0 Transitional//EN"
    "http://www.w3.org/TR/xhtml1/DTD/xhtml1-transitional.dtd">
<html xmlns="http://www.w3.org/1999/xhtml" xml:lang="en" lang="en">
 <head>
  <title>
</title>
<meta http-equiv="Content-Type" content="text/html;charset=utf-8" />
  <meta name='ocr-system' content='tesseract 3.04.00' />
  <meta name='ocr-capabilities' content='ocr_page ocr_carea ocr_par ocr_line ocrx_word'/>
</head>
<body>
  <div class='ocr_page' id='page_1' title='image "./caesarsgallicwa01greegoog_0199.png"; bbox 0 0 2667 4159; ppageno 0'>
   <div class='ocr_carea' id='block_1_1' title="bbox 83 165 1137 255">
    <p class='ocr_par' dir='ltr' id='par_1_1' title="bbox 83 165 1137 255">
     <span class='ocr_line' id='line_1_1' title="bbox 83 165 1137 255; baseline 0.013 -31"><span class='ocrx_word' id='word_1_1' title='bbox 83 173 116 224; x_wconf 91' lang='lat' dir='ltr'>B.</span> <span class='ocrx_word' id='word_1_2' title='bbox 134 171 170 223; x_wconf 87' lang='lat' dir='ltr'>G.</span> <span class='ocrx_word' id='word_1_3' title='bbox 187 171 257 223; x_wconf 88' lang='lat' dir='ltr'>v11.</span> <span class='ocrx_word' id='word_1_4' title='bbox 273 171 332 239; x_wconf 87' lang='lat'>52.]</span> <span class='ocrx_word' id='word_1_5' title='bbox 418 165 552 250; x_wconf 78' lang='lat' dir='ltr'>Exploit</span> <span class='ocrx_word' id='word_1_6' title='bbox 566 169 802 246; x_wconf 64' lang='lat' dir='ltr'>cfflerronius.</span> <span class='ocrx_word' id='word_1_7' title='bbox 1077 177 1137 255; x_wconf 90' lang='lat'>167</span> 
     </span>
    </p>
   </div>
   <div class='ocr_carea' id='block_1_2' title="bbox 54 366 1196 3984">
    <p class='ocr_par' dir='ltr' id='par_1_2' title="bbox 83 366 1189 2153">
     <span class='ocr_line' id='line_1_2' title="bbox 83 366 1135 449; baseline 0.002 -18"><span class='ocrx_word' id='word_1_8' title='bbox 83 370 250 438; x_wconf 89' lang='lat' dir='ltr'>tebantur‚</span> <span class='ocrx_word' id='word_1_9' title='bbox 267 367 354 449; x_wconf 89' lang='lat' dir='ltr'>quod</span> <span class='ocrx_word' id='word_1_10' title='bbox 373 366 500 448; x_wconf 80' lang='lat' dir='ltr'>insigne</span> <span class='ocrx_word' id='word_1_11' title='bbox 518 376 669 446; x_wconf 90' lang='lat' dir='ltr'>pacatum</span> <span class='ocrx_word' id='word_1_12' title='bbox 687 386 761 429; x_wconf 90' lang='lat' dir='ltr'>esse</span> <span class='ocrx_word' id='word_1_13' title='bbox 780 377 964 443; x_wconf 88' lang='lat' dir='ltr'>consuerat,</span> <span class='ocrx_word' id='word_1_14' title='bbox 975 379 1085 432; x_wconf 83' lang='lat' dir='ltr'>tamen</span> <span class='ocrx_word' id='word_1_15' title='bbox 1103 370 1135 433; x_wconf 88' lang='lat' dir='ltr'>id</span> 
     </span>
     <span class='ocr_line' id='line_1_3' title="bbox 84 466 1136 552; baseline 0.001 -21"><span class='ocrx_word' id='word_1_16' title='bbox 84 471 191 552; x_wconf 86' lang='lat' dir='ltr'>ipsum</span> <span class='ocrx_word' id='word_1_17' title='bbox 210 469 261 530; x_wconf 89' lang='lat' dir='ltr'>sui</span> <span class='ocrx_word' id='word_1_18' title='bbox 281 466 416 530; x_wconf 80' lang='lat' dir='ltr'>fallendi</span> <span class='ocrx_word' id='word_1_19' title='bbox 433 488 531 529; x_wconf 89' lang='lat' dir='ltr'>causa</span> <span class='ocrx_word' id='word_1_20' title='bbox 550 466 669 529; x_wconf 85' lang='lat' dir='ltr'>milites</span> <span class='ocrx_word' id='word_1_21' title='bbox 686 468 727 528; x_wconf 90' lang='lat' dir='ltr'>ab</span> <span class='ocrx_word' id='word_1_22' title='bbox 745 468 895 530; x_wconf 83' lang='lat' dir='ltr'>hostibus</span> <span class='ocrx_word' id='word_1_23' title='bbox 913 466 1037 532; x_wconf 84' lang='lat' dir='ltr'>iactum</span> <span class='ocrx_word' id='word_1_24' title='bbox 1054 471 1136 533; x_wconf 85' lang='lat' dir='ltr'>exis-</span> 
     </span>
     <span class='ocr_line' id='line_1_4' title="bbox 84 566 1137 654; baseline 0.001 -21"><span class='ocrx_word' id='word_1_25' title='bbox 84 570 258 633; x_wconf 88' lang='lat' dir='ltr'>timabant.</span> <span class='ocrx_word' id='word_1_26' title='bbox 303 566 453 630; x_wconf 80' lang='lat' dir='ltr'>3Eodem</span> <span class='ocrx_word' id='word_1_27' title='bbox 474 579 622 649; x_wconf 90' lang='lat' dir='ltr'>tempore</span> <span class='ocrx_word' id='word_1_28' title='bbox 642 568 676 630; x_wconf 91' lang='lat' dir='ltr'>L.</span> <span class='ocrx_word' id='word_1_29' title='bbox 696 568 819 630; x_wconf 86' lang='lat' dir='ltr'>Fabius</span> <span class='ocrx_word' id='word_1_30' title='bbox 839 570 998 643; x_wconf 90' lang='lat' dir='ltr'>centurio,</span> <span class='ocrx_word' id='word_1_31' title='bbox 1014 571 1137 654; x_wconf 88' lang='lat' dir='ltr'>quique</span> 
     </span>
     <span class='ocr_line' id='line_1_5' title="bbox 84 668 1136 752; baseline -0.001 -18"><span class='ocrx_word' id='word_1_32' title='bbox 84 691 150 734; x_wconf 85' lang='lat' dir='ltr'>una</span> <span class='ocrx_word' id='word_1_33' title='bbox 172 690 303 733; x_wconf 91' lang='lat' dir='ltr'>murum</span> <span class='ocrx_word' id='word_1_34' title='bbox 328 669 578 742; x_wconf 87' lang='lat' dir='ltr'>adscenderant,</span> <span class='ocrx_word' id='word_1_35' title='bbox 599 668 816 731; x_wconf 89' lang='lat' dir='ltr'>circumventi</span> <span class='ocrx_word' id='word_1_36' title='bbox 839 680 938 752; x_wconf 89' lang='lat' dir='ltr'>atque</span> <span class='ocrx_word' id='word_1_37' title='bbox 962 669 1136 747; x_wconf 83' lang='lat' dir='ltr'>interfecti,</span> 
     </span>
     <span class='ocr_line' id='line_1_6' title="bbox 83 767 1171 852; baseline 0.001 -18"><span class='ocrx_word' id='word_1_38' title='bbox 83 792 179 834; x_wconf 92' lang='lat' dir='ltr'>muro</span> <span class='ocrx_word' id='word_1_39' title='bbox 214 769 525 852; x_wconf 80' lang='lat' dir='ltr'>praecipitabantur.</span> <span class='ocrx_word' id='word_1_40' title='bbox 583 767 650 831; x_wconf 73' lang='grc' dir='ltr'>4Μ.</span> <span class='ocrx_word' id='word_1_41' title='bbox 688 769 872 843; x_wconf 85' lang='lat' dir='ltr'>Petronius,</span> <span class='ocrx_word' id='word_1_42' title='bbox 906 770 1056 852; x_wconf 91' lang='lat' dir='ltr'>ejusdem</span> <span class='ocrx_word' id='word_1_43' title='bbox 1094 772 1171 848; x_wconf 80' lang='lat' dir='ltr'>le-5</span> 
     </span>
     <span class='ocr_line' id='line_1_7' title="bbox 83 869 1137 955; baseline 0 -21"><span class='ocrx_word' id='word_1_44' title='bbox 83 872 194 955; x_wconf 87' lang='lat' dir='ltr'>gionis</span> <span class='ocrx_word' id='word_1_45' title='bbox 225 869 383 944; x_wconf 89' lang='lat' dir='ltr'>centuri0,</span> <span class='ocrx_word' id='word_1_46' title='bbox 408 889 482 931; x_wconf 90' lang='lat' dir='ltr'>curn</span> <span class='ocrx_word' id='word_1_47' title='bbox 510 878 621 950; x_wconf 91' lang='lat' dir='ltr'>portas</span> <span class='ocrx_word' id='word_1_48' title='bbox 650 869 801 932; x_wconf 84' lang='lat' dir='ltr'>excidere</span> <span class='ocrx_word' id='word_1_49' title='bbox 828 883 967 934; x_wconf 90' lang='lat' dir='ltr'>conatus</span> <span class='ocrx_word' id='word_1_50' title='bbox 995 882 1093 946; x_wconf 89' lang='lat' dir='ltr'>esset,</span> <span class='ocrx_word' id='word_1_51' title='bbox 1118 895 1137 934; x_wconf 90' lang='lat' dir='ltr'>a</span> 
     </span>
     <span class='ocr_line' id='line_1_8' title="bbox 83 969 1138 1053; baseline -0.001 -18"><span class='ocrx_word' id='word_1_52' title='bbox 83 972 299 1035; x_wconf 89' lang='lat' dir='ltr'>multitudine</span> <span class='ocrx_word' id='word_1_53' title='bbox 315 989 491 1051; x_wconf 89' lang='lat' dir='ltr'>oppressus</span> <span class='ocrx_word' id='word_1_54' title='bbox 508 989 546 1032; x_wconf 89' lang='lat' dir='ltr'>ac</span> <span class='ocrx_word' id='word_1_55' title='bbox 563 969 626 1030; x_wconf 92' lang='lat' dir='ltr'>sibi</span> <span class='ocrx_word' id='word_1_56' title='bbox 648 971 838 1050; x_wconf 70' lang='lat' dir='ltr'>desperans</span> <span class='ocrx_word' id='word_1_57' title='bbox 857 972 967 1034; x_wconf 89' lang='lat' dir='ltr'>multis</span> <span class='ocrx_word' id='word_1_58' title='bbox 985 972 1053 1053; x_wconf 85' lang='lat' dir='ltr'>jam</span> <span class='ocrx_word' id='word_1_59' title='bbox 1071 974 1138 1034; x_wconf 86' lang='lat' dir='ltr'>vnl-</span> 
     </span>
     <span class='ocr_line' id='line_1_9' title="bbox 83 1071 1136 1153; baseline -0.003 -16"><span class='ocrx_word' id='word_1_60' title='bbox 83 1074 222 1138; x_wconf 90' lang='lat' dir='ltr'>neribus</span> <span class='ocrx_word' id='word_1_61' title='bbox 251 1071 405 1153; x_wconf 89' lang='lat' dir='ltr'>acceptis,</span> <span class='ocrx_word' id='word_1_62' title='bbox 434 1071 692 1152; x_wconf 86' lang='lat' dir='ltr'>manipularibus</span> <span class='ocrx_word' id='word_1_63' title='bbox 724 1072 792 1134; x_wconf 89' lang='lat' dir='ltr'>suis</span> <span class='ocrx_word' id='word_1_64' title='bbox 820 1071 876 1153; x_wconf 91' lang='lat' dir='ltr'>qui</span> <span class='ocrx_word' id='word_1_65' title='bbox 907 1072 999 1134; x_wconf 89' lang='lat' dir='ltr'>illum</span> <span class='ocrx_word' id='word_1_66' title='bbox 1031 1074 1136 1136; x_wconf 90' lang='lat' dir='ltr'>secuti</span> 
     </span>
     <span class='ocr_line' id='line_1_10' title="bbox 83 1169 1138 1254; baseline -0.003 -15"><span class='ocrx_word' id='word_1_67' title='bbox 83 1185 188 1250; x_wconf 89' lang='lat' dir='ltr'>erant,</span> <span class='ocrx_word' id='word_1_68' title='bbox 214 1169 437 1254; x_wconf 79' lang='lat' dir='ltr'>“Quoniam&#39;&#39;</span> <span class='ocrx_word' id='word_1_69' title='bbox 465 1171 579 1252; x_wconf 92' lang='lat' dir='ltr'>inquit,</span> <span class='ocrx_word' id='word_1_70' title='bbox 609 1177 689 1233; x_wconf 90' lang='lat' dir='ltr'>“me</span> <span class='ocrx_word' id='word_1_71' title='bbox 717 1192 783 1233; x_wconf 90' lang='lat' dir='ltr'>una</span> <span class='ocrx_word' id='word_1_72' title='bbox 808 1172 978 1235; x_wconf 90' lang='lat' dir='ltr'>vobiscum</span> <span class='ocrx_word' id='word_1_73' title='bbox 1007 1195 1138 1236; x_wconf 88' lang='lat' dir='ltr'>servare</span> 
     </span>
     <span class='ocr_line' id='line_1_11' title="bbox 84 1273 1188 1358; baseline 0.003 -19"><span class='ocrx_word' id='word_1_74' title='bbox 84 1298 150 1341; x_wconf 90' lang='lat' dir='ltr'>non</span> <span class='ocrx_word' id='word_1_75' title='bbox 167 1295 314 1358; x_wconf 92' lang='lat' dir='ltr'>possum,</span> <span class='ocrx_word' id='word_1_76' title='bbox 327 1283 454 1335; x_wconf 88' lang='lat' dir='ltr'>vestrae</span> <span class='ocrx_word' id='word_1_77' title='bbox 470 1273 602 1353; x_wconf 87' lang='lat' dir='ltr'>quidem</span> <span class='ocrx_word' id='word_1_78' title='bbox 620 1284 710 1335; x_wconf 88' lang='lat' dir='ltr'>certe</span> <span class='ocrx_word' id='word_1_79' title='bbox 726 1273 814 1334; x_wconf 89' lang='lat' dir='ltr'>vitae</span> <span class='ocrx_word' id='word_1_80' title='bbox 832 1274 1036 1356; x_wconf 88' lang='lat' dir='ltr'>prospiciam,</span> <span class='ocrx_word' id='word_1_81' title='bbox 1054 1295 1137 1356; x_wconf 91' lang='lat' dir='ltr'>quos</span> <span class='ocrx_word' id='word_1_82' title='bbox 1160 1307 1188 1342; x_wconf 83' lang='grc' dir='ltr'>ιο</span> 
     </span>
     <span class='ocr_line' id='line_1_12' title="bbox 84 1371 1138 1460; baseline -0.003 -19"><span class='ocrx_word' id='word_1_83' title='bbox 84 1377 267 1460; x_wconf 90' lang='lat' dir='ltr'>cupiditate</span> <span class='ocrx_word' id='word_1_84' title='bbox 291 1373 415 1457; x_wconf 87' lang='lat' dir='ltr'>gloriae</span> <span class='ocrx_word' id='word_1_85' title='bbox 438 1373 598 1435; x_wconf 88' lang='lat' dir='ltr'>adductus</span> <span class='ocrx_word' id='word_1_86' title='bbox 622 1371 655 1433; x_wconf 93' lang='lat' dir='ltr'>in</span> <span class='ocrx_word' id='word_1_87' title='bbox 679 1373 859 1454; x_wconf 85' lang='lat' dir='ltr'>periculum</span> <span class='ocrx_word' id='word_1_88' title='bbox 884 1375 1012 1438; x_wconf 89' lang='lat' dir='ltr'>deduxi.</span> <span class='ocrx_word' id='word_1_89' title='bbox 1058 1375 1138 1450; x_wconf 91' lang='lat' dir='ltr'>Vos,</span> 
     </span>
     <span class='ocr_line' id='line_1_13' title="bbox 84 1471 1140 1551; baseline -0.004 -9"><span class='ocrx_word' id='word_1_90' title='bbox 84 1481 162 1542; x_wconf 87' lang='lat' dir='ltr'>data</span> <span class='ocrx_word' id='word_1_91' title='bbox 177 1475 346 1551; x_wconf 84' lang='lat' dir='ltr'>facultate,</span> <span class='ocrx_word' id='word_1_92' title='bbox 363 1474 456 1537; x_wconf 91' lang='lat' dir='ltr'>vobis</span> <span class='ocrx_word' id='word_1_93' title='bbox 475 1472 663 1536; x_wconf 88' lang='lat' dir='ltr'>consulite.&#39;’</span> <span class='ocrx_word' id='word_1_94' title='bbox 710 1471 840 1536; x_wconf 78' lang='lat' dir='ltr'>⁵Simul</span> <span class='ocrx_word' id='word_1_95' title='bbox 864 1475 896 1536; x_wconf 92' lang='lat' dir='ltr'>in</span> <span class='ocrx_word' id='word_1_96' title='bbox 916 1476 1039 1538; x_wconf 90' lang='lat' dir='ltr'>medios</span> <span class='ocrx_word' id='word_1_97' title='bbox 1065 1476 1140 1538; x_wconf 90' lang='lat' dir='ltr'>hos-</span> 
     </span>
     <span class='ocr_line' id='line_1_14' title="bbox 86 1573 1139 1660; baseline -0.005 -18"><span class='ocrx_word' id='word_1_98' title='bbox 86 1593 135 1644; x_wconf 91' lang='lat' dir='ltr'>tes</span> <span class='ocrx_word' id='word_1_99' title='bbox 160 1579 287 1660; x_wconf 87' lang='lat' dir='ltr'>irrupit,</span> <span class='ocrx_word' id='word_1_100' title='bbox 305 1577 500 1658; x_wconf 90' lang='lat' dir='ltr'>duobusque</span> <span class='ocrx_word' id='word_1_101' title='bbox 523 1573 715 1650; x_wconf 87' lang='lat' dir='ltr'>interfectis,</span> <span class='ocrx_word' id='word_1_102' title='bbox 732 1575 875 1657; x_wconf 90' lang='lat' dir='ltr'>reliquos</span> <span class='ocrx_word' id='word_1_103' title='bbox 900 1597 918 1638; x_wconf 90' lang='lat' dir='ltr'>a</span> <span class='ocrx_word' id='word_1_104' title='bbox 943 1588 1037 1657; x_wconf 87' lang='lat' dir='ltr'>porta</span> <span class='ocrx_word' id='word_1_105' title='bbox 1061 1595 1139 1657; x_wconf 90' lang='lat' dir='ltr'>pau·</span> 
     </span>
     <span class='ocr_line' id='line_1_15' title="bbox 85 1675 1138 1751; baseline -0.005 -9"><span class='ocrx_word' id='word_1_106' title='bbox 85 1682 152 1742; x_wconf 91' lang='lat' dir='ltr'>lum</span> <span class='ocrx_word' id='word_1_107' title='bbox 183 1677 359 1742; x_wconf 91' lang='lat' dir='ltr'>submovit.</span> <span class='ocrx_word' id='word_1_108' title='bbox 416 1676 623 1739; x_wconf 86' lang='lat' dir='ltr'>Conantibus</span> <span class='ocrx_word' id='word_1_109' title='bbox 655 1675 803 1737; x_wconf 88' lang='lat' dir='ltr'>auxiliari</span> <span class='ocrx_word' id='word_1_110' title='bbox 834 1676 913 1751; x_wconf 91' lang='lat' dir='ltr'>suis,</span> <span class='ocrx_word' id='word_1_111' title='bbox 942 1676 1138 1750; x_wconf 70' lang='lat' dir='ltr'>“Frustra&#39;&#39;</span> 
     </span>
     <span class='ocr_line' id='line_1_16' title="bbox 87 1775 1189 1864; baseline -0.001 -21"><span class='ocrx_word' id='word_1_112' title='bbox 87 1780 204 1864; x_wconf 92' lang='lat' dir='ltr'>inquit,</span> <span class='ocrx_word' id='word_1_113' title='bbox 222 1785 345 1842; x_wconf 86' lang='lat' dir='ltr'>“meae</span> <span class='ocrx_word' id='word_1_114' title='bbox 360 1777 446 1840; x_wconf 90' lang='lat' dir='ltr'>vitae</span> <span class='ocrx_word' id='word_1_115' title='bbox 470 1777 644 1840; x_wconf 86' lang='lat' dir='ltr'>subvenire</span> <span class='ocrx_word' id='word_1_116' title='bbox 668 1776 842 1849; x_wconf 90' lang='lat' dir='ltr'>conamini,</span> <span class='ocrx_word' id='word_1_117' title='bbox 859 1797 956 1858; x_wconf 90' lang='lat' dir='ltr'>quem</span> <span class='ocrx_word' id='word_1_118' title='bbox 980 1775 1046 1857; x_wconf 88' lang='lat' dir='ltr'>jam</span> <span class='ocrx_word' id='word_1_119' title='bbox 1064 1796 1139 1838; x_wconf 91' lang='lat' dir='ltr'>san·</span> <span class='ocrx_word' id='word_1_120' title='bbox 1161 1807 1189 1858; x_wconf 80' lang='lat'>15</span> 
     </span>
     <span class='ocr_line' id='line_1_17' title="bbox 86 1874 1139 1963; baseline -0.004 -19"><span class='ocrx_word' id='word_1_121' title='bbox 86 1883 158 1963; x_wconf 85' lang='lat' dir='ltr'>guis</span> <span class='ocrx_word' id='word_1_122' title='bbox 173 1881 327 1962; x_wconf 88' lang='lat' dir='ltr'>viresque</span> <span class='ocrx_word' id='word_1_123' title='bbox 340 1878 506 1941; x_wconf 89' lang='lat' dir='ltr'>deficiunt.</span> <span class='ocrx_word' id='word_1_124' title='bbox 551 1875 715 1940; x_wconf 72' lang='lat' dir='ltr'>6Proinde</span> <span class='ocrx_word' id='word_1_125' title='bbox 732 1877 820 1939; x_wconf 90' lang='lat' dir='ltr'>abite</span> <span class='ocrx_word' id='word_1_126' title='bbox 833 1877 910 1937; x_wconf 91' lang='lat' dir='ltr'>dum</span> <span class='ocrx_word' id='word_1_127' title='bbox 924 1887 974 1939; x_wconf 91' lang='lat' dir='ltr'>cst</span> <span class='ocrx_word' id='word_1_128' title='bbox 990 1874 1139 1951; x_wconf 72' lang='lat' dir='ltr'>facultas</span> 
     </span>
     <span class='ocr_line' id='line_1_18' title="bbox 86 1977 1140 2065; baseline -0.002 -21"><span class='ocrx_word' id='word_1_129' title='bbox 86 2003 212 2065; x_wconf 89' lang='lat' dir='ltr'>vosque</span> <span class='ocrx_word' id='word_1_130' title='bbox 237 1982 278 2042; x_wconf 86' lang='lat' dir='ltr'>ad</span> <span class='ocrx_word' id='word_1_131' title='bbox 306 1979 469 2060; x_wconf 89' lang='lat' dir='ltr'>legionem</span> <span class='ocrx_word' id='word_1_132' title='bbox 494 1977 658 2060; x_wconf 87' lang='lat' dir='ltr'>recipite.’&#39;</span> <span class='ocrx_word' id='word_1_133' title='bbox 707 1978 760 2040; x_wconf 90' lang='lat' dir='ltr'>Ita</span> <span class='ocrx_word' id='word_1_134' title='bbox 782 1998 935 2059; x_wconf 88' lang='lat' dir='ltr'>pugnans</span> <span class='ocrx_word' id='word_1_135' title='bbox 959 1989 1034 2060; x_wconf 93' lang='lat' dir='ltr'>post</span> <span class='ocrx_word' id='word_1_136' title='bbox 1061 2000 1140 2060; x_wconf 90' lang='lat' dir='ltr'>pau·</span> 
     </span>
     <span class='ocr_line' id='line_1_19' title="bbox 87 2079 671 2153; baseline -0.009 -7"><span class='ocrx_word' id='word_1_137' title='bbox 87 2085 153 2146; x_wconf 91' lang='lat' dir='ltr'>lum</span> <span class='ocrx_word' id='word_1_138' title='bbox 171 2081 327 2153; x_wconf 89' lang='lat' dir='ltr'>concidit,</span> <span class='ocrx_word' id='word_1_139' title='bbox 344 2102 381 2143; x_wconf 91' lang='lat' dir='ltr'>ac</span> <span class='ocrx_word' id='word_1_140' title='bbox 399 2081 467 2144; x_wconf 93' lang='lat' dir='ltr'>suis</span> <span class='ocrx_word' id='word_1_141' title='bbox 485 2080 582 2144; x_wconf 89' lang='lat' dir='ltr'>saluti</span> <span class='ocrx_word' id='word_1_142' title='bbox 600 2079 671 2143; x_wconf 84' lang='lat' dir='ltr'>luit.</span> 
     </span>
    </p>

    <p class='ocr_par' dir='ltr' id='par_1_3' title="bbox 89 2182 1193 3275">
     <span class='ocr_line' id='line_1_20' title="bbox 132 2182 1142 2265; baseline -0.002 -19"><span class='ocrx_word' id='word_1_143' title='bbox 132 2199 182 2264; x_wconf 83' lang='lat'>51.</span> <span class='ocrx_word' id='word_1_144' title='bbox 210 2182 336 2255; x_wconf 87' lang='lat' dir='ltr'>Nostri,</span> <span class='ocrx_word' id='word_1_145' title='bbox 370 2202 443 2244; x_wconf 89' lang='lat' dir='ltr'>cum</span> <span class='ocrx_word' id='word_1_146' title='bbox 481 2182 624 2264; x_wconf 89' lang='lat' dir='ltr'>undique</span> <span class='ocrx_word' id='word_1_147' title='bbox 659 2193 894 2263; x_wconf 90' lang='lat' dir='ltr'>premerentur,</span> <span class='ocrx_word' id='word_1_148' title='bbox 926 2182 1142 2265; x_wconf 86' lang='lat' dir='ltr'>quadraginta</span> 
     </span>
     <span class='ocr_line' id='line_1_21' title="bbox 89 2282 1191 2362; baseline -0.005 -14"><span class='ocrx_word' id='word_1_149' title='bbox 89 2307 145 2348; x_wconf 88' lang='lat' dir='ltr'>sex</span> <span class='ocrx_word' id='word_1_150' title='bbox 162 2282 414 2347; x_wconf 89' lang='lat' dir='ltr'>centurionibus</span> <span class='ocrx_word' id='word_1_151' title='bbox 432 2282 570 2356; x_wconf 70' lang='lat' dir='ltr'>amissis</span> <span class='ocrx_word' id='word_1_152' title='bbox 588 2282 709 2362; x_wconf 89' lang='lat' dir='ltr'>dejecti</span> <span class='ocrx_word' id='word_1_153' title='bbox 727 2296 804 2345; x_wconf 91' lang='lat' dir='ltr'>sunt</span> <span class='ocrx_word' id='word_1_154' title='bbox 830 2284 922 2360; x_wconf 74' lang='lat' dir='ltr'>loco,</span> <span class='ocrx_word' id='word_1_155' title='bbox 946 2285 1004 2346; x_wconf 89' lang='lat' dir='ltr'>sed</span> <span class='ocrx_word' id='word_1_156' title='bbox 1025 2284 1141 2346; x_wconf 90' lang='lat' dir='ltr'>intole-</span> <span class='ocrx_word' id='word_1_157' title='bbox 1161 2308 1191 2343; x_wconf 88' lang='lat'>20</span> 
     </span>
     <span class='ocr_line' id='line_1_22' title="bbox 89 2382 1142 2468; baseline -0.001 -20"><span class='ocrx_word' id='word_1_158' title='bbox 89 2385 216 2448; x_wconf 90' lang='lat' dir='ltr'>rantius</span> <span class='ocrx_word' id='word_1_159' title='bbox 243 2383 355 2446; x_wconf 88' lang='lat' dir='ltr'>Gallos</span> <span class='ocrx_word' id='word_1_160' title='bbox 380 2382 590 2465; x_wconf 85' lang='lat' dir='ltr'>insequentes</span> <span class='ocrx_word' id='word_1_161' title='bbox 619 2385 705 2465; x_wconf 84' lang='lat' dir='ltr'>legio</span> <span class='ocrx_word' id='word_1_162' title='bbox 728 2385 857 2448; x_wconf 89' lang='lat' dir='ltr'>decima</span> <span class='ocrx_word' id='word_1_163' title='bbox 884 2386 1033 2458; x_wconf 87' lang='lat' dir='ltr'>tardavit,</span> <span class='ocrx_word' id='word_1_164' title='bbox 1057 2406 1142 2468; x_wconf 88' lang='lat' dir='ltr'>quae</span> 
     </span>
     <span class='ocr_line' id='line_1_23' title="bbox 90 2482 1142 2570; baseline 0 -22"><span class='ocrx_word' id='word_1_165' title='bbox 90 2507 146 2567; x_wconf 87' lang='lat' dir='ltr'>pro</span> <span class='ocrx_word' id='word_1_166' title='bbox 179 2483 326 2570; x_wconf 82' lang='lat' dir='ltr'>subsidio</span> <span class='ocrx_word' id='word_1_167' title='bbox 360 2482 456 2564; x_wconf 85' lang='lat' dir='ltr'>paulo</span> <span class='ocrx_word' id='word_1_168' title='bbox 487 2485 639 2566; x_wconf 88' lang='lat' dir='ltr'>aequiore</span> <span class='ocrx_word' id='word_1_169' title='bbox 670 2485 741 2547; x_wconf 92' lang='lat' dir='ltr'>loco</span> <span class='ocrx_word' id='word_1_170' title='bbox 773 2486 972 2548; x_wconf 87' lang='lat' dir='ltr'>constiterat.</span> <span class='ocrx_word' id='word_1_171' title='bbox 1019 2483 1142 2548; x_wconf 80' lang='lat' dir='ltr'>2Hanc</span> 
     </span>
     <span class='ocr_line' id='line_1_24' title="bbox 90 2583 1140 2667; baseline -0.001 -18"><span class='ocrx_word' id='word_1_172' title='bbox 90 2606 201 2649; x_wconf 90' lang='lat' dir='ltr'>rursus</span> <span class='ocrx_word' id='word_1_173' title='bbox 237 2583 385 2645; x_wconf 87' lang='lat' dir='ltr'>decimae</span> <span class='ocrx_word' id='word_1_174' title='bbox 419 2585 533 2646; x_wconf 88' lang='lat' dir='ltr'>tertiae</span> <span class='ocrx_word' id='word_1_175' title='bbox 570 2585 710 2666; x_wconf 85' lang='lat' dir='ltr'>legionis</span> <span class='ocrx_word' id='word_1_176' title='bbox 745 2587 896 2648; x_wconf 89' lang='lat' dir='ltr'>cohortes</span> <span class='ocrx_word' id='word_1_177' title='bbox 931 2597 1140 2667; x_wconf 85' lang='lat' dir='ltr'>exceperunt,</span> 
     </span>
     <span class='ocr_line' id='line_1_25' title="bbox 89 2685 1143 2770; baseline 0 -20"><span class='ocrx_word' id='word_1_178' title='bbox 89 2707 182 2770; x_wconf 92' lang='lat' dir='ltr'>quae,</span> <span class='ocrx_word' id='word_1_179' title='bbox 199 2707 240 2748; x_wconf 88' lang='lat' dir='ltr'>ex</span> <span class='ocrx_word' id='word_1_180' title='bbox 256 2685 374 2747; x_wconf 88' lang='lat' dir='ltr'>castris</span> <span class='ocrx_word' id='word_1_181' title='bbox 392 2685 572 2747; x_wconf 89' lang='lat' dir='ltr'>minoribus</span> <span class='ocrx_word' id='word_1_182' title='bbox 590 2687 737 2759; x_wconf 85' lang='lat' dir='ltr'>eductae,</span> <span class='ocrx_word' id='word_1_183' title='bbox 754 2708 828 2748; x_wconf 88' lang='lat' dir='ltr'>cum</span> <span class='ocrx_word' id='word_1_184' title='bbox 847 2687 885 2747; x_wconf 87' lang='lat' dir='ltr'>T.</span> <span class='ocrx_word' id='word_1_185' title='bbox 906 2688 1018 2750; x_wconf 86' lang='lat' dir='ltr'>Sextio</span> <span class='ocrx_word' id='word_1_186' title='bbox 1035 2688 1143 2769; x_wconf 83' lang='lat' dir='ltr'>legato</span> 
     </span>
     <span class='ocr_line' id='line_1_26' title="bbox 90 2785 1193 2872; baseline -0.001 -21"><span class='ocrx_word' id='word_1_187' title='bbox 90 2797 247 2870; x_wconf 87' lang='lat' dir='ltr'>ceperant</span> <span class='ocrx_word' id='word_1_188' title='bbox 282 2785 389 2847; x_wconf 87' lang='lat' dir='ltr'>locum</span> <span class='ocrx_word' id='word_1_189' title='bbox 420 2788 632 2868; x_wconf 83' lang='lat' dir='ltr'>superiorem.</span> <span class='ocrx_word' id='word_1_190' title='bbox 688 2787 878 2871; x_wconf 84' lang='lat' dir='ltr'>3Legiones</span> <span class='ocrx_word' id='word_1_191' title='bbox 911 2791 965 2852; x_wconf 85' lang='lat' dir='ltr'>ubi</span> <span class='ocrx_word' id='word_1_192' title='bbox 1002 2791 1142 2872; x_wconf 89' lang='lat' dir='ltr'>primum</span> <span class='ocrx_word' id='word_1_193' title='bbox 1164 2815 1193 2867; x_wconf 84' lang='lat'>25</span> 
     </span>
     <span class='ocr_line' id='line_1_27' title="bbox 90 2877 1142 2972; baseline 0.002 -23"><span class='ocrx_word' id='word_1_194' title='bbox 90 2887 263 2970; x_wconf 88' lang='lat' dir='ltr'>planitiem</span> <span class='ocrx_word' id='word_1_195' title='bbox 288 2886 477 2966; x_wconf 85' lang='lat' dir='ltr'>attigerunt,</span> <span class='ocrx_word' id='word_1_196' title='bbox 492 2877 633 2952; x_wconf 79' lang='lat' dir='ltr'>¹infestis</span> <span class='ocrx_word' id='word_1_197' title='bbox 658 2904 773 2953; x_wconf 88' lang='lat' dir='ltr'>contra</span> <span class='ocrx_word' id='word_1_198' title='bbox 798 2893 911 2954; x_wconf 88' lang='lat' dir='ltr'>hostes</span> <span class='ocrx_word' id='word_1_199' title='bbox 936 2891 1041 2972; x_wconf 86' lang='lat' dir='ltr'>signis</span> <span class='ocrx_word' id='word_1_200' title='bbox 1065 2911 1142 2952; x_wconf 92' lang='lat' dir='ltr'>con-</span> 
     </span>
     <span class='ocr_line' id='line_1_28' title="bbox 91 2987 1144 3070; baseline 0 -18"><span class='ocrx_word' id='word_1_201' title='bbox 91 2990 260 3052; x_wconf 87' lang='lat' dir='ltr'>stiterunt.</span> <span class='ocrx_word' id='word_1_202' title='bbox 308 2987 562 3070; x_wconf 80' lang='lat' dir='ltr'>Vercingetorix</span> <span class='ocrx_word' id='word_1_203' title='bbox 585 2994 626 3054; x_wconf 90' lang='lat' dir='ltr'>ab</span> <span class='ocrx_word' id='word_1_204' title='bbox 650 2993 814 3055; x_wconf 87' lang='lat' dir='ltr'>radicibus</span> <span class='ocrx_word' id='word_1_205' title='bbox 840 2994 929 3054; x_wconf 91' lang='lat' dir='ltr'>collis</span> <span class='ocrx_word' id='word_1_206' title='bbox 954 3013 1031 3054; x_wconf 90' lang='lat' dir='ltr'>suos</span> <span class='ocrx_word' id='word_1_207' title='bbox 1058 2994 1144 3052; x_wconf 87' lang='lat' dir='ltr'>intra</span> 
     </span>
     <span class='ocr_line' id='line_1_29' title="bbox 90 3089 1144 3176; baseline 0 -24"><span class='ocrx_word' id='word_1_208' title='bbox 90 3089 296 3152; x_wconf 88' lang='lat' dir='ltr'>munitiones</span> <span class='ocrx_word' id='word_1_209' title='bbox 321 3091 456 3154; x_wconf 85' lang='lat' dir='ltr'>reduxit.</span> <span class='ocrx_word' id='word_1_210' title='bbox 505 3094 555 3155; x_wconf 91' lang='lat' dir='ltr'>Eo</span> <span class='ocrx_word' id='word_1_211' title='bbox 582 3095 633 3156; x_wconf 91' lang='lat' dir='ltr'>die</span> <span class='ocrx_word' id='word_1_212' title='bbox 658 3094 779 3156; x_wconf 91' lang='lat' dir='ltr'>milites</span> <span class='ocrx_word' id='word_1_213' title='bbox 808 3106 884 3157; x_wconf 90' lang='lat' dir='ltr'>sunt</span> <span class='ocrx_word' id='word_1_214' title='bbox 912 3094 1009 3176; x_wconf 89' lang='lat' dir='ltr'>paulo</span> <span class='ocrx_word' id='word_1_215' title='bbox 1035 3091 1144 3153; x_wconf 92' lang='lat' dir='ltr'>minus</span> 
     </span>
     <span class='ocr_line' id='line_1_30' title="bbox 91 3191 496 3275; baseline 0.005 -21"><span class='ocrx_word' id='word_1_216' title='bbox 91 3191 296 3275; x_wconf 82' lang='lat' dir='ltr'>septingenti</span> <span class='ocrx_word' id='word_1_217' title='bbox 312 3193 496 3256; x_wconf 88' lang='lat' dir='ltr'>desiderati.</span> 
     </span>
    </p>

    <p class='ocr_par' dir='ltr' id='par_1_4' title="bbox 94 3293 1196 3783">
     <span class='ocr_line' id='line_1_31' title="bbox 137 3293 1196 3373; baseline 0.004 -19"><span class='ocrx_word' id='word_1_218' title='bbox 137 3308 187 3373; x_wconf 83' lang='lat'>52.</span> <span class='ocrx_word' id='word_1_219' title='bbox 214 3293 350 3355; x_wconf 89' lang='lat' dir='ltr'>Postero</span> <span class='ocrx_word' id='word_1_220' title='bbox 374 3295 426 3356; x_wconf 91' lang='lat' dir='ltr'>die</span> <span class='ocrx_word' id='word_1_221' title='bbox 454 3296 583 3369; x_wconf 88' lang='lat' dir='ltr'>Caesar,</span> <span class='ocrx_word' id='word_1_222' title='bbox 609 3298 763 3360; x_wconf 89' lang='lat' dir='ltr'>contione</span> <span class='ocrx_word' id='word_1_223' title='bbox 787 3299 954 3364; x_wconf 82' lang='lat' dir='ltr'>advocata.</span> <span class='ocrx_word' id='word_1_224' title='bbox 979 3297 1143 3359; x_wconf 86' lang='lat' dir='ltr'>temerita-</span> <span class='ocrx_word' id='word_1_225' title='bbox 1165 3318 1196 3368; x_wconf 85' lang='lat'>30</span> 
     </span>
     <span class='ocr_line' id='line_1_32' title="bbox 94 3398 1144 3481; baseline 0.002 -24"><span class='ocrx_word' id='word_1_226' title='bbox 94 3407 161 3458; x_wconf 91' lang='lat' dir='ltr'>tem</span> <span class='ocrx_word' id='word_1_227' title='bbox 178 3399 459 3481; x_wconf 86' lang='lat' dir='ltr'>cupiditatemque</span> <span class='ocrx_word' id='word_1_228' title='bbox 484 3400 623 3462; x_wconf 90' lang='lat' dir='ltr'>militum</span> <span class='ocrx_word' id='word_1_229' title='bbox 649 3401 868 3480; x_wconf 85' lang='lat' dir='ltr'>reprehendit,</span> <span class='ocrx_word' id='word_1_230' title='bbox 886 3401 973 3480; x_wconf 91' lang='lat' dir='ltr'>quod</span> <span class='ocrx_word' id='word_1_231' title='bbox 998 3399 1059 3460; x_wconf 90' lang='lat' dir='ltr'>sibi</span> <span class='ocrx_word' id='word_1_232' title='bbox 1085 3398 1144 3478; x_wconf 87' lang='lat' dir='ltr'>ipsi</span> 
     </span>
     <span class='ocr_line' id='line_1_33' title="bbox 94 3497 1144 3582; baseline 0.001 -22"><span class='ocrx_word' id='word_1_233' title='bbox 94 3497 335 3578; x_wconf 82' lang='lat' dir='ltr'>judicavissent</span> <span class='ocrx_word' id='word_1_234' title='bbox 355 3523 419 3581; x_wconf 91' lang='lat' dir='ltr'>quo</span> <span class='ocrx_word' id='word_1_235' title='bbox 442 3503 683 3582; x_wconf 87' lang='lat' dir='ltr'>procedendum</span> <span class='ocrx_word' id='word_1_236' title='bbox 702 3513 758 3562; x_wconf 87' lang='lat' dir='ltr'>aut</span> <span class='ocrx_word' id='word_1_237' title='bbox 780 3501 855 3580; x_wconf 86' lang='lat' dir='ltr'>quid</span> <span class='ocrx_word' id='word_1_238' title='bbox 877 3502 1039 3579; x_wconf 84' lang='lat' dir='ltr'>agendum</span> <span class='ocrx_word' id='word_1_239' title='bbox 1057 3499 1144 3561; x_wconf 87' lang='lat' dir='ltr'>vide·</span> 
     </span>
     <span class='ocr_line' id='line_1_34' title="bbox 96 3601 1146 3683; baseline 0.002 -23"><span class='ocrx_word' id='word_1_240' title='bbox 96 3612 194 3672; x_wconf 87' lang='lat' dir='ltr'>retur,</span> <span class='ocrx_word' id='word_1_241' title='bbox 212 3621 329 3683; x_wconf 89' lang='lat' dir='ltr'>neque,</span> <span class='ocrx_word' id='word_1_242' title='bbox 350 3601 445 3678; x_wconf 77' lang='lat' dir='ltr'>signo</span> <span class='ocrx_word' id='word_1_243' title='bbox 470 3602 647 3681; x_wconf 84' lang='lat' dir='ltr'>recipiendi</span> <span class='ocrx_word' id='word_1_244' title='bbox 662 3604 758 3674; x_wconf 85' lang='lat' dir='ltr'>dato,</span> <span class='ocrx_word' id='word_1_245' title='bbox 775 3602 1014 3675; x_wconf 85' lang='lat' dir='ltr'>constitissent,</span> <span class='ocrx_word' id='word_1_246' title='bbox 1040 3621 1146 3680; x_wconf 88' lang='lat' dir='ltr'>neque</span> 
     </span>
     <span class='ocr_line' id='line_1_35' title="bbox 97 3698 1146 3783; baseline 0.001 -23"><span class='ocrx_word' id='word_1_247' title='bbox 97 3701 137 3762; x_wconf 88' lang='lat' dir='ltr'>ab</span> <span class='ocrx_word' id='word_1_248' title='bbox 155 3702 297 3763; x_wconf 90' lang='lat' dir='ltr'>tribunis</span> <span class='ocrx_word' id='word_1_249' title='bbox 311 3701 449 3762; x_wconf 85' lang='lat' dir='ltr'>militum</span> <span class='ocrx_word' id='word_1_250' title='bbox 469 3702 650 3783; x_wconf 83' lang='lat' dir='ltr'>legatisque</span> <span class='ocrx_word' id='word_1_251' title='bbox 667 3702 800 3763; x_wconf 88' lang='lat' dir='ltr'>retineri</span> <span class='ocrx_word' id='word_1_252' title='bbox 818 3703 1013 3782; x_wconf 88' lang='lat' dir='ltr'>potuissent.</span> <span class='ocrx_word' id='word_1_253' title='bbox 1059 3698 1146 3761; x_wconf 63' lang='grc' dir='ltr'>2Εκ-</span> 
     </span>
    </p>

    <p class='ocr_par' dir='ltr' id='par_1_5' title="bbox 54 3784 1195 3984">
     <span class='ocr_line' id='line_1_36' title="bbox 54 3784 1195 3884; baseline 0 -22"><span class='ocrx_word' id='word_1_254' title='bbox 54 3791 57 3795; x_wconf 47' lang='grc'><strong>’</strong></span> <span class='ocrx_word' id='word_1_255' title='bbox 99 3802 206 3878; x_wconf 85' lang='lat' dir='ltr'>posuit</span> <span class='ocrx_word' id='word_1_256' title='bbox 224 3801 301 3882; x_wconf 88' lang='lat' dir='ltr'>quid</span> <span class='ocrx_word' id='word_1_257' title='bbox 323 3802 477 3883; x_wconf 87' lang='lat' dir='ltr'>iniquitas</span> <span class='ocrx_word' id='word_1_258' title='bbox 495 3803 554 3862; x_wconf 85' lang='lat' dir='ltr'>loci</span> <span class='ocrx_word' id='word_1_259' title='bbox 578 3814 698 3880; x_wconf 81' lang='lat' dir='ltr'>posset,</span> <span class='ocrx_word' id='word_1_260' title='bbox 716 3805 801 3884; x_wconf 86' lang='lat' dir='ltr'>quod</span> <span class='ocrx_word' id='word_1_261' title='bbox 823 3784 893 3882; x_wconf 82' lang='lat' dir='ltr'>ipse</span> <span class='ocrx_word' id='word_1_262' title='bbox 909 3804 950 3863; x_wconf 87' lang='lat' dir='ltr'>ad</span> <span class='ocrx_word' id='word_1_263' title='bbox 968 3802 1145 3862; x_wconf 81' lang='lat' dir='ltr'>Avaricum</span> <span class='ocrx_word' id='word_1_264' title='bbox 1166 3811 1195 3864; x_wconf 83' lang='lat'>35</span> 
     </span>
     <span class='ocr_line' id='line_1_37' title="bbox 68 3900 1146 3984; baseline -0.001 -19"><span class='ocrx_word' id='word_1_265' title='bbox 68 3931 71 3939; x_wconf 93' lang='grc'><em>·</em></span> <span class='ocrx_word' id='word_1_266' title='bbox 98 3903 267 3980; x_wconf 80' lang='lat' dir='ltr'>sensisset,</span> <span class='ocrx_word' id='word_1_267' title='bbox 292 3922 367 3969; x_wconf 84' lang='lat' dir='ltr'>cum</span> <span class='ocrx_word' id='word_1_268' title='bbox 395 3903 466 3968; x_wconf 87' lang='lat' dir='ltr'>sine</span> <span class='ocrx_word' id='word_1_269' title='bbox 494 3904 577 3965; x_wconf 81' lang='lat' dir='ltr'>duce</span> <span class='ocrx_word' id='word_1_270' title='bbox 605 3919 637 3965; x_wconf 89' lang='lat' dir='ltr'>et</span> <span class='ocrx_word' id='word_1_271' title='bbox 665 3904 735 3966; x_wconf 85' lang='lat' dir='ltr'>sine</span> <span class='ocrx_word' id='word_1_272' title='bbox 762 3903 908 3984; x_wconf 88' lang='lat' dir='ltr'>equitatu</span> <span class='ocrx_word' id='word_1_273' title='bbox 933 3900 1146 3981; x_wconf 85' lang='lat' dir='ltr'>deprehensis</span> 
     </span>
    </p>
   </div>
   <div class='ocr_carea' id='block_1_3' title="bbox 0 0 1348 4159">
    <p class='ocr_par' dir='ltr' id='par_1_6' title="bbox 0 0 1348 4159">
     <span class='ocr_line' id='line_1_38' title="bbox 0 0 1348 4159; baseline 0 0"><span class='ocrx_word' id='word_1_274' title='bbox 0 0 1348 4159; x_wconf 95' lang='lat' dir='ltr'> </span> 
     </span>
    </p>
   </div>
  </div>
 </body>
</html>
