2667 4159
72 226 99 274 Β.
112 223 143 275 G.
159 224 206 299 lli.
224 222 277 291 ro]
318 206 454 270 Coesar's
476 207 593 298 Napal
619 207 743 269 Tacticr
765 170 990 289 audtllctoty.
1059 246 1064 258 ·
1124 210 1163 271 61
1200 235 1203 249 ·

69 410 147 464 rent.
174 397 297 463 ·4Una
320 409 390 463 erat
414 418 535 481 magno
558 398 632 460 usui
657 419 709 460 res
734 408 929 479 praeparata
951 399 1120 475 anostris,

68 495 218 561 -ialces
269 506 466 579 praeacutae
512 497 658 559 insertae
704 497 898 578 adfixaeque
950 496 1121 580 longuriis,

68 616 128 657 non
161 594 306 658 absimili
337 592 443 657 forma
474 593 648 656 muralium
672 590 816 656 falcium.
863 590 953 656 5His
978 616 1052 658 curn
1076 592 1123 657 fu·

66 713 132 766 nes,
157 692 212 775 qui
237 701 413 755 antemnas
437 692 477 753 ad
510 690 613 753 malos
637 690 863 766 destinabant,
888 693 1122 774 comprehensi

66 790 262 873 adductique
281 799 385 863 erant,
404 788 536 870 navigio
560 788 659 850 remis
684 788 823 851 incitato
846 791 1123 899 praerumpeban-
1151 812 1164 865 5

64 898 122 951 t.ur
168 885 326 1048 6Qtuibus
364 886 502 949 abscisis
534 895 713 948 antemnae
752 887 941 949 necessario
973 888 1122 951 concide-

66 982 161 1062 bant;
218 994 348 1062 t,cum
380 984 489 1046 omnis
523 983 659 1046 Gallicis
692 983 833 1046 navibus
865 1004 940 1066 spes
971 984 1006 1047 in
1038 984 1121 1047 velis

64 1006 343 1164 armamentisque
382 1081 592 1154 consisteret
626 1080 679 1143 his
718 1090 811 1162 erep
816 1102 853 1157 rs
892 1081 1002 1143 omnis
1041 1102 1121 1145 usus

64 1180 193 1242 navium
221 1188 461 1260 unotempore
487 1178 680 1259 eriperetur.
727 1176 934 1261 ⁷Reliquum
959 1188 1031 1242 erat
1056 1199 1122 1242 cer-

62 1286 171 1340 tamen
204 1276 352 1359 positum
380 1266 425 1337 'in
456 1276 590 1349 virtute,
623 1295 688 1358 qua
718 1274 824 1338 nostri
862 1275 987 1339 milites
1024 1274 1122 1340 facile
1137 1301 1166 1335 ιο
1232 1266 1235 1270 ¹

63 1375 275 1458 superabant,
306 1383 406 1456 atque
438 1392 477 1435 eo
509 1372 623 1454 magis,
642 1375 730 1455 quod
762 1372 796 1434 in
827 1384 1011 1455 conspectu
1044 1374 1123 1438 Cae-

62 1472 141 1535 saris
172 1482 276 1554 atque
299 1470 407 1534 omnis
431 1470 598 1533 exercitus
629 1488 683 1532 res
714 1470 900 1552 gerebatur,
927 1480 963 1533 ut
994 1472 1121 1534 nullum

62 1570 155 1651 paulo
171 1567 295 1633 fortius
317 1566 443 1631 iactum
471 1568 575 1630 latere
599 1576 734 1648 posset;
758 1587 875 1631 omnes
903 1568 992 1631 enim
1021 1570 1121 1632 colles

62 1686 96 1729 ac
119 1666 193 1731 loca
227 1666 406 1749 superiora,
431 1667 519 1727 unde
547 1674 617 1727 erat
649 1664 855 1747 propinquus
880 1665 1060 1749 despectus
1087 1666 1121 1729 in

62 1786 158 1841 mare,
183 1764 228 1828 ab
252 1763 398 1827 exercitu
421 1762 632 1826 tenebantur,
1138 1786 1165 1839 ις

107 1876 152 1942 15.
180 1860 345 1943 Disjectis
379 1861 427 1941 (ut
465 1859 620 1939 diximus)
654 1860 832 1936 antemnis,
865 1880 941 1925 cum
973 1860 1122 1945 singulas

62 1959 156 2024 binae
180 1980 228 2023 ac·
244 1969 360 2021 ternae
384 1977 486 2020 naves
518 1957 821 2033 circumsteterant,
842 1958 968 2023 milites
992 1980 1123 2023 summa

62 2057 92 2119 vi
109 2056 350 2120 transcendere
367 2054 400 2117 in
414 2054 561 2118 hostiurn
580 2074 683 2118 naves
693 2056 951 2121 contendebant.
998 2053 1122 2139 ²Quod

63 2163 238 2238 postquam
286 2151 417 2216 barbari
456 2151 526 2215 fieri
564 2151 883 2229 animadverterunt,
922 2155 1121 2238 expugnatis

64 2254 289 2337 compluribus
321 2254 472 2329 navibus,
504 2274 579 2319 cum
608 2252 638 2317 ei
677 2251 724 2315 rei
762 2251 889 2314 nullum
922 2252 1167 2334 reperireturzo

63 2352 229 2429 auxilium,
270 2350 349 2435 fuga
386 2352 529 2416 salutem
568 2361 685 2433 petere
722 2349 980 2414 contenderunt.
1045 2347 1122 2415 8Ae

61 2448 135 2530 jam,
170 2449 344 2513 conversis
382 2448 416 2512 in
450 2468 523 2513 eam
563 2458 693 2529 partem
725 2448 866 2512 navibus
904 2469 969 2531 quo
1000 2459 1122 2513 ventus

62 2544 198 2623 ferebat,
225 2557 320 2610 tanta
351 2546 461 2610 subito
489 2544 628 2610 malacia
657 2566 696 2609 ac
727 2545 951 2629 tranquillitas
982 2546 1120 2621 exstitit,

63 2654 95 2706 ut
118 2666 153 2708 se
171 2666 214 2708 ex
237 2645 311 2707 loco
327 2664 536 2707 commovere
559 2663 626 2706 non
650 2653 798 2725 possent.
846 2641 966 2725 4Quae
989 2644 1121 2727 quidem

62 2762 111 2803 res
127 2744 168 2805 ad
189 2742 364 2825 negotium
389 2740 632 2805 conficiendum
658 2741 802 2803 maxime
826 2738 890 2803 fuit
916 2751 1164 2823 opportuna:25

63 2859 135 2901 nam
162 2838 315 2921 singulas
343 2838 449 2902 nostri
473 2836 658 2901 consectati
686 2849 972 2920 expugnaverunt,
990 2848 1025 2901 ut
1053 2858 1123 2919 per·

62 2956 185 3015 paucae
210 2958 252 3001 ex
275 2936 365 2999 omni
396 2955 535 2999 numero
565 2934 675 2999 noctis
706 2934 898 2998 interventu
929 2936 970 2998 ad
999 2945 1122 2998 terram

62 3034 286 3112 pervenerint,
311 3055 386 3097 cum
418 3033 459 3096 ab
490 3032 571 3096 hora
601 3030 671 3095 iere
695 3042 814 3114 quarta
846 3052 951 3115 usque
977 3032 1017 3095 ad
1041 3031 1122 3096 solis

63 3149 218 3195 occasum
243 3141 406 3214 pugnaret
408 3151 454 3193 ur.
737 3143 765 3168 ⁸
855 3152 861 3182 '-
953 3169 956 3194 ι
1003 3123 1011 3200 i
1051 3143 1063 3198 l
1228 3206 1231 3213 Ι

15 3228 18 3233 ’
109 3230 153 3291 16.
186 3228 264 3311 Quo
295 3228 419 3310 proelio
450 3226 574 3290 bellum
606 3225 719 3290 Venet
706 3237 813 3290 torum
846 3236 896 3289 tot
900 3227 1016 3310 iusque
1047 3247 1123 3290 orae
1136 3249 1168 3299 30

65 3326 250 3389 maritimae
282 3328 470 3390 coniectum
499 3335 560 3388 est.
609 3324 696 3387 Nam
721 3345 797 3387 cum
822 3325 931 3388 omnis
953 3324 1121 3406 juventus

65 3442 180 3486 omnes
198 3423 299 3486 etiam
317 3422 477 3504 gravioris
503 3421 632 3495 aetatis,
651 3421 684 3484 in
702 3422 822 3503 quibus
847 3422 968 3503 aliquid
993 3422 1124 3485 consilii

65 3530 118 3581 aut
149 3520 325 3603 dignitatis
348 3516 421 3594 ruit,
447 3540 485 3582 eo
510 3528 746 3593 convenerant,
773 3529 844 3581 tum
870 3519 1002 3581 navium
1036 3519 1123 3601 quod

67 3616 184 3699 ubique
223 3614 331 3680 iuerat
372 3637 474 3679 unum
515 3618 547 3678 in
594 3616 704 3679 locum
744 3624 944 3697 coegerant;
981 3614 1124 3698 ²quibus

67 3714 205 3789 amissis
231 3714 348 3796 reliqui
376 3734 485 3796 neque
508 3734 573 3796 quo
605 3734 640 3775 se
665 3714 862 3794 reciperent,
889 3733 996 3795 neque
1024 3733 1122 3794 quem
1138 3733 1167 3783 35

68 3811 106 3872 ad
136 3813 271 3875 modum
304 3812 423 3893 oppida
454 3809 674 3873 defenderent
698 3811 875 3874 habebant.
940 3810 1056 3891 Itaque
1089 3830 1125 3871 se
