2667 4159
55 187 88 236 B·
106 187 144 238 G.
160 186 233 238 VII·
249 184 309 254 44]
369 186 466 248 Plots
480 207 604 268 among
616 185 670 249 the
683 185 805 249 AEdui.
1054 189 1111 268 163

97 408 153 470 42.
180 391 273 452 Dum
290 391 372 452 haec
389 390 428 451 ad
447 388 645 470 Gergoviam
662 400 830 469 geruntur,
849 391 982 454 Haedui
999 391 1113 472 primis

53 492 185 555 nuntiis
202 492 245 553 ab
270 490 420 552 Litavico
443 489 599 571 acceptis,
616 490 741 553 nullum
762 491 824 552 sibi
847 492 888 553 acl
912 511 1114 571 cognoscen-

53 595 133 655 dum
160 591 308 674 spatium
333 592 530 673 relinquunt.
576 588 745 672 2Impellit
768 590 848 653 alios
867 592 1013 666 avaritia,
1031 591 1113 655 alios

53 693 229 756 iracundia
246 703 280 754 et
297 692 472 765 temeritas
490 712 575 773 quae
592 691 733 753 maxime
749 691 794 752 illi
812 691 981 753 hominum
999 693 1112 772 generi

53 807 103 857 est
117 795 246 868 innata,
259 803 295 855 ut
308 792 412 855 levem
427 791 629 854 auditionem
643 791 785 854 habeant
803 813 861 872 pro
877 813 912 855 re
925 804 1113 874 comperta:
1134 817 1147 869 5

55 897 143 958 bona
172 895 294 957 civium
328 895 554 956 Romanorum
581 891 749 973 diripiunt,
774 893 891 955 caedes
924 891 1055 967 faciunt,
1079 893 1111 955 in

54 996 255 1060 servitutem
268 995 473 1056 abstrahunt.
518 990 692 1075 3lldjuvat
709 1012 778 1054 rem
796 993 1009 1073 proclinatam
1028 994 1112 1057 Con·

54 1095 265 1171 victolitavis,
285 1095 482 1176 plebemque
505 1093 546 1155 ad
571 1090 715 1155 furorem
741 1093 888 1174 impellit,
907 1103 951 1168 ut,
969 1091 1113 1158 facinore

54 1198 212 1277 admisso,
240 1196 282 1258 ad
310 1195 486 1259 sanitatem
515 1193 637 1255 reverti
664 1194 798 1274 pudeat.
844 1191 913 1255 4Μ.
939 1193 1111 1269 Aristium,

54 1299 228 1360 tribunum
247 1296 396 1364 militum,
413 1295 476 1357 iter
491 1296 531 1356 ad
555 1294 720 1374 legionem
743 1292 929 1368 facientem,
947 1295 1011 1356 lide
1027 1296 1111 1370 data,
1134 1327 1163 1362 ιο

53 1420 96 1461 ex
119 1398 245 1478 oppido
270 1395 442 1459 Cabillono
466 1397 631 1470 educunt;
659 1394 746 1457 idern
770 1392 881 1456 facere
904 1406 1027 1476 cogunt
1054 1415 1112 1460 eos

52 1499 111 1582 qui
127 1497 323 1578 negotiandi
339 1517 438 1558 causa
454 1496 499 1558 ibi
516 1495 741 1559 constiterant.
789 1491 886 1557 ⁵Hos
904 1495 1061 1558 continuo
1078 1495 1111 1558 in

54 1602 179 1661 itinere
209 1597 315 1660 adorti
349 1597 502 1659 omnibus
537 1595 782 1677 impedimentis
813 1606 959 1670 exuunt,
995 1615 1113 1678 repug-

54 1710 177 1761 nantes
202 1699 289 1760 diem
315 1707 512 1779 noctemque
535 1697 689 1759 obsident
703 1716 710 1770 ;
739 1695 851 1758 multis
875 1695 1041 1778 utrimque
1065 1696 1113 1758 in-

54 1797 218 1873 terfectis,
236 1797 391 1878 majorem
409 1796 653 1860 multitudinem
671 1796 711 1858 ad
728 1816 819 1858 arma
835 1796 1012 1860 concitant.
1133 1812 1161 1866 15

100 1917 152 1978 43.
179 1898 326 1971 Interim,
343 1897 458 1960 nuntio
476 1898 574 1960 allato
598 1917 712 1960 omnes
734 1918 846 1959 eorum
865 1895 984 1959 milites
1009 1896 1042 1958 in
1059 1918 1113 1979 po-

53 2011 182 2064 testate
210 1997 360 2061 Caesaris
386 1998 500 2072 teneri‚
525 2007 726 2060 concurrunt
754 1999 794 2060 ad
821 1997 1003 2073 Aristium,
1031 1997 1113 2060 nihil

54 2100 192 2182 publico
220 2097 343 2161 factum
372 2099 510 2161 consilio
538 2100 785 2174 demonstrant;
816 2097 1043 2179 quaestionem
1072 2099 1113 2162 de

55 2200 155 2263 bonis
172 2200 311 2281 direptis
324 2199 526 2274 decernunt;
551 2199 691 2261 Litavici
709 2198 913 2282 fratrumque
930 2199 1016 2262 bona
1032 2199 1114 2281 pub·

55 2302 161 2364 licant
176 2322 182 2373 ;
206 2300 332 2381 legatos
345 2301 385 2362 ad
404 2300 579 2363 Caesarem
597 2300 646 2362 sui
665 2301 827 2381 purgandi
844 2301 949 2382 gratia
965 2301 1112 2367 mittunt.
1131 2331 1163 2366 20

54 2400 178 2464 2Haee
194 2400 318 2464 faciunt
343 2401 639 2482 recuperandorum
657 2421 791 2463 suorum
812 2421 930 2477 causa;
956 2403 1013 2464 sed
1039 2423 1113 2464 con·

57 2502 212 2565 taminati
236 2499 379 2564 facinore
402 2511 435 2564 et
458 2501 546 2582 capti
569 2502 765 2582 compendio
790 2521 829 2564 ex
846 2502 983 2584 direptis
1007 2503 1111 2577 bonis,

56 2605 147 2686 quod
172 2625 212 2665 ea
226 2623 278 2665 res
303 2603 343 2665 ad
368 2603 487 2664 multos
511 2603 707 2683 pertinebat,
725 2604 842 2666 timore
866 2623 992 2684 poenae
1008 2614 1113 2666 exter-

56 2706 122 2778 riti,
147 2703 285 2766 consilia
308 2703 392 2765 clam
416 2703 566 2765 debello
590 2703 673 2766 inire
696 2704 871 2785 incipiunt,
897 2704 1113 2786 civitatesque

56 2787 204 2887 reliquas
223 2803 443 2884 legationibus
461 2803 648 2868 sollicitant.
694 2801 813 2885 3Quae
837 2805 968 2867 tametsi
991 2804 1113 2868 Caesar
1132 2826 1160 2880 ²5

57 2905 282 2983 intellegebat,
300 2914 408 2965 tamen
426 2925 522 2985 quam
542 2904 715 2966 mitissime
737 2915 845 2984 potest
862 2906 988 2986 legatos
1005 2903 1113 2985 appel-

58 3007 124 3068 lat:
149 3004 229 3065 nihil
246 3024 282 3066 se
299 3014 432 3084 propter
450 3003 657 3091 inscientiam
684 3005 918 3086 levitatemque
935 3006 1022 3085 vulgi
1040 3025 1112 3086 gra·

57 3106 133 3168 vius
164 3105 207 3166 de
237 3103 368 3166 civitate
400 3103 555 3185 judicare,
586 3125 693 3186 neque
724 3106 765 3167 de
796 3126 856 3167 sua
886 3106 919 3166 in
953 3106 1111 3168 Haeduos

57 3205 292 3269 benevolentia
307 3203 505 3266 deminuere.
551 3203 650 3286 4Ipse
665 3207 822 3288 majorem
844 3205 967 3268 Galliae
985 3219 1110 3267 motum

58 3316 268 3387 exspectans,
285 3325 326 3366 ne
347 3305 398 3366 ab·
412 3305 564 3367 omnibus
588 3306 779 3368 civitatibus
803 3306 1109 3381 circumsisteretur,
1130 3335 1162 3387 30

58 3391 207 3470 consilia
226 3405 343 3481 inibat,
367 3406 643 3487 quemadmodum
670 3408 710 3468 ab
740 3407 904 3489 Gergovia
927 3408 1111 3470 discederet

57 3529 97 3570 ac
122 3526 238 3568 rursus
261 3526 393 3568 ornnem
421 3506 599 3568 exercitum
624 3508 853 3584 contraheret;
883 3530 924 3570 ne
951 3507 1111 3590 profectio

58 3620 138 3670 nata
154 3608 197 3668 ab
213 3606 330 3669 timore
346 3603 538 3668 defectionis
556 3607 671 3669 similis
689 3607 785 3689 fugae
800 3609 973 3671 videretur.

102 3725 156 3786 44.
183 3708 277 3769 Haec
306 3706 465 3785 cogitanti
496 3708 644 3770 accidere
675 3709 747 3771 visa
777 3720 825 3771 est
856 3707 994 3771 facultas
1027 3711 1111 3772 bene

59 3809 225 3890 gerendae
242 3807 299 3869 rei.
349 3806 434 3867 Nam
451 3828 526 3868 cum
549 3808 581 3868 in
599 3809 725 3870 minora
742 3821 848 3870 castra
864 3812 970 3888 operis
987 3809 1111 3886 perspi·
1129 3821 1159 3870 35

59 3910 170 3975 ciendi
187 3928 289 3974 causa
304 3907 458 3986 venisset,
475 3908 706 3974 animadvertit
731 3910 855 3984 collem,
873 3908 928 3992 qui
945 3907 985 3968 ab
1009 3905 1110 3967 hosti-
