2667 4159
238 212 296 287 158
540 205 650 268 Coesar
662 204 792 266 divides
807 204 859 266 his
874 204 992 266 bbrccs.
1161 199 1287 270 [Casan

233 414 266 466 et
297 414 363 464 tarn
393 399 573 482 conjuncta
599 396 720 479 populo
750 398 902 459 Romano
929 397 1054 471 civitas,
1081 418 1182 479 quam
1218 399 1288 479 ipse

233 522 363 583 semper
396 501 531 563 aluisset
567 498 786 580 omnibusque
820 498 916 560 rebus
951 511 1109 571 ornasset,
1142 499 1184 560 ad
1223 501 1287 562 vim

233 614 333 685 atque
356 602 397 663 ad
421 622 512 662 arma
535 601 761 674 descenderet,
785 611 882 682 atque
907 621 945 662 ea
969 622 1042 681 pars
1066 622 1151 682 quae
1176 603 1289 665 minus

234 703 415 766 confideret
442 702 560 763 auxilia
583 723 602 764 a
624 702 898 784 Vercingetorige
923 694 1111 778 arcesseret]
1137 704 1218 767 huic
1244 708 1289 768 rei

202 804 507 886 5praevertendum
533 803 752 879 existimavit;
778 802 834 867 ²et
857 807 952 888 quod,
978 807 1104 888 legibus
1132 807 1291 872 Haeduo

234 927 316 979 rum,
333 905 372 967 iis
398 905 452 987 qui
478 927 641 968 summum
663 907 890 987 magistratum
916 908 1102 970 obtinerent
1126 912 1290 972 excedere

234 1029 275 1072 ex
299 1008 419 1070 finibus
442 1029 508 1070 non
532 1008 653 1082 liceret,
679 1031 719 1070 ne
743 1009 820 1091 quid
845 1009 885 1070 de
911 1007 983 1090 jure
1006 1021 1062 1070 aut
1086 1010 1127 1072 de
1155 1009 1289 1091 legibus

235 1130 346 1172 eorum
367 1109 569 1172 deminuisse
592 1110 767 1184 videretur,
785 1109 855 1191 ipse
879 1109 911 1170 in
940 1110 1096 1173 Haeduos
1121 1112 1289 1192 proficisci

235 1211 359 1282 statuit,
384 1222 599 1292 senatumque
625 1230 756 1272 omnem
782 1221 814 1271 et
843 1231 924 1292 quos
952 1211 1038 1273 inter
1061 1214 1289 1274 controversia

188 1342 217 1376 10
235 1326 323 1375 esset
340 1313 380 1374 ad
398 1331 434 1374 se
451 1310 622 1373 Decetiam
640 1310 796 1373 evocavit.
843 1307 1067 1392 ⁸Cunrprope
1084 1311 1193 1374 omnis
1212 1313 1289 1375 civi-

195 1479 200 1489 ,
235 1423 285 1475 tas
302 1433 341 1474 eo
358 1412 575 1484 convenisset,
591 1413 838 1494 docereturque,
856 1412 968 1493 paucis
985 1412 1068 1474 clam
1086 1415 1288 1484 convocatis.

235 1513 298 1575 alio
321 1512 393 1574 loco
409 1512 470 1574 alio
495 1523 642 1593 ternpore
662 1525 762 1594 atque
784 1514 974 1594 oportuerit,
991 1511 1126 1576 fratrem
1144 1535 1163 1576 a
1186 1513 1288 1576 fratre

235 1613 468 1686 renuntiatum,
486 1634 560 1674 cuni
578 1613 666 1692 leges
683 1614 748 1676 duo
765 1634 805 1676 cx
822 1634 887 1676 una
902 1612 1032 1687 familia,
1045 1614 1119 1676 vivo
1136 1624 1287 1697 utroque,

235 1735 299 1775 non
318 1714 423 1775 solum
445 1714 655 1794 magistratus
675 1715 778 1776 creari
803 1725 960 1788 vetarent,
979 1715 1035 1777 sed
1059 1714 1159 1777 etiam
1185 1715 1218 1777 in
1237 1737 1287 1777 se-

188 1839 216 1891 15
235 1825 313 1876 natu
331 1833 405 1876 esse
421 1813 695 1893 prohiberent-
707 1815 828 1877 Cotum
846 1815 1018 1897 imperium
1036 1817 1203 1897 deponere
1215 1825 1287 1879 coe·
1323 1891 1324 1898 ἵ

233 1915 303 1996 git,
329 1913 632 1985 Conuictolitauem,
650 1915 707 1997 qui
729 1936 787 1997 per
806 1917 1002 1991 sacerdotes
1024 1937 1114 1979 more
1134 1915 1285 1989 civitatis,

235 2014 431 2078 intermissis
456 2014 714 2096 magistratibus,
736 2026 825 2080 esset
848 2027 987 2091 creatus
1007 2025 1206 2099 potestatem
1231 2018 1285 2079 ob·

236 2116 341 2179 tinere
356 2115 465 2198 jussit.
1322 2141 1323 2168 ÷

280 2234 328 2296 34.
357 2217 432 2280 Hoc
449 2219 581 2280 decreto
598 2218 803 2299 interposito
815 2219 1055 2282 -cohortatus
1075 2219 1233 2282 Haeduos
1252 2231 1285 2280 ut

187 2343 218 2378 20
235 2317 533 2381 controversiarum
562 2340 599 2381 ac
625 2319 842 2382 dissensionis
870 2319 1153 2395 obliviscerentur,
1180 2331 1285 2402 atque,
1321 2363 1322 2372 η

236 2418 390 2481 omuibus
409 2417 540 2480 omissis
564 2419 668 2492 rebus,
688 2420 762 2482 huic
787 2419 872 2487 bello
892 2419 1062 2495 servirent,
1080 2441 1185 2503 eaque
1205 2441 1286 2503 quae

235 2519 433 2581 meruissent
457 2518 601 2600 praemia
625 2518 665 2580 ab
690 2540 733 2593 se,
758 2520 889 2584 devicta
913 2519 1025 2595 Gallia,
1046 2530 1286 2603 exspectarent,

236 2619 484 2701 equitatumque
501 2640 632 2682 ornnem
652 2629 686 2682 et
710 2620 857 2700 peditum
881 2619 970 2682 milia
986 2622 1098 2684 decem
1118 2622 1182 2684 sibi
1207 2622 1288 2684 cele·

236 2721 315 2783 riter
332 2720 510 2792 mitterent,
528 2740 612 2800 quae
632 2719 664 2781 in
685 2720 855 2800 praesidiis
873 2721 918 2782 rei
937 2718 1174 2784 frumentariae
1191 2742 1286 2784 cansa

187 2848 218 2900 25
236 2816 699 2902 disponeret‚-²exercituni
726 2821 758 2882 in
783 2821 865 2882 duas
888 2833 999 2901 partes
1024 2821 1154 2884 divisit:
1183 2841 1220 2884 rv
1248 2822 1287 2883 le·
1319 2871 1320 2884 2

236 2922 353 3005 giones
377 2921 410 2983 in
428 2921 579 2984 Senones
604 2921 811 3004 Parisiosque
829 2921 975 2983 Labieno
992 2923 1160 2984 ducendas
1177 2923 1287 2996 dedit;

237 3043 272 3087 vr
297 3023 368 3104 ipse
392 3020 425 3083 in
446 3021 625 3096 Arvernos,
642 3023 682 3084 ad
707 3022 861 3104 oppidum
888 3021 1083 3103 Gergoviam
1105 3025 1285 3085 secundum
1318 3013 1319 3018 ¹

238 3126 362 3188 flumen
398 3123 525 3197 Elaver,
556 3123 678 3198 duxit,
708 3123 873 3204 equitatus
902 3134 1027 3203 partem
1057 3123 1102 3184 illi
1129 3124 1285 3194 attribuit,

237 3238 362 3309 partem
391 3225 453 3287 sibi
479 3223 618 3306 reliquit.
665 3220 763 3304 3an
794 3244 828 3285 re
859 3222 1002 3302 cognita,
1025 3223 1286 3306 Vercingetorix.

188 3349 219 3399 30
238 3328 392 3390 omnibus
423 3324 615 3406 interruptis
643 3325 714 3407 ejus
745 3322 890 3385 fluminis
921 3323 1084 3404 pontibus
1112 3325 1157 3386 ab
1188 3324 1286 3388 altera

239 3428 383 3491 fluminis
401 3438 493 3510 parte
510 3427 571 3490 iter
587 3424 695 3488 iacere
711 3424 826 3506 coepit.

284 3543 331 3608 35.
358 3528 441 3591 Cum
465 3540 603 3610 uterque
632 3525 795 3608 utrimque
820 3526 941 3588 exisset
966 3525 1139 3602 exercitus
1161 3527 1195 3588 in
1215 3548 1286 3588 con-

240 3641 365 3710 spectu,
382 3627 515 3711 fereque
532 3651 550 3691 e
567 3629 702 3708 regione
719 3627 845 3702 castris,
863 3640 971 3690 castra
988 3627 1163 3708 ponebant.
1213 3629 1283 3690 Dis-

240 3729 357 3809 positis
381 3730 650 3808 exploratoribus,
670 3730 787 3792 necubi
808 3725 927 3791 effecto
949 3742 1048 3809 ponte
1067 3729 1209 3792 Romani
1237 3749 1283 3790 co-

192 3851 222 3900 35
242 3828 312 3908 pias
329 3831 547 3898 traducerent,
565 3842 634 3892 erat
658 3832 690 3892 in
715 3832 840 3912 magnis
867 3830 1016 3893 Caesaris
1041 3829 1282 3892 difficultatibus

242 3949 302 3999 res
329 3949 369 3990 ne
401 3930 556 4013 majorem
583 3931 716 3992 aestatis
742 3942 867 4011 partem
895 3932 1029 3992 flumine
1058 3932 1282 4013 impediretur;

493 4042 511 4099 l
