2667 4159
74 222 100 273 B.
112 222 142 273 G.
156 222 199 274 IV.
215 222 270 290 38.]
370 206 499 268 Return
523 215 554 267 to
579 205 631 266 tlte
653 204 840 267 Mar'rtland.
1116 208 1157 284 87

73 399 251 479 paulopost
276 397 419 461 mediam
444 405 578 459 noctem
604 416 706 459 naves
731 396 852 473 solvit;
887 417 971 479 quae
995 416 1113 459 omnes

74 496 237 559 incolumes
275 497 318 557 ad
360 495 589 558 continentem
628 502 876 574 pervenerunt:
915 495 973 556 sed
1006 494 1113 557 exiis

73 595 222 656 onerariae
260 594 346 660 duae
386 593 522 655 eosdem
558 611 642 673 quos
681 590 800 673 reliqui
840 599 955 673 portus
994 612 1113 674 capere

74 712 129 753 non
144 700 329 773 potuerunt,
348 699 383 753 et
399 689 496 771 paulo
514 686 599 751 infra
615 688 746 751 delatae
763 697 849 752 sunt.

110 804 152 867 37.
176 790 305 871 Quibus
337 808 379 852 ex
402 787 543 850 navibus
568 806 643 849 cum
668 795 783 850 essent
811 787 955 868 expositi
990 788 1112 852 milites
1144 810 1156 861 5

73 886 187 948 circiter
208 886 361 961 trecenti,
384 893 484 966 atque
507 883 542 945 in
566 893 675 946 castra
700 885 954 960 contenderent,
980 886 1112 961 Morini,

72 1004 143 1064 quos
173 982 294 1047 Caesar
327 984 361 1045 in
395 980 602 1044 Britanniam
642 980 858 1062 proficiscens
883 994 1020 1063 pacatos
1043 984 1115 1047 reli-

73 1091 181 1160 querat,
208 1102 266 1162 spe
301 1081 444 1161 praedae
478 1078 623 1152 adducti,
658 1078 765 1159 primo
801 1099 869 1142 non
908 1080 955 1143 ita
992 1101 1114 1162 magno

74 1197 189 1240 suorum
219 1198 359 1241 numero
394 1178 699 1249 circumsteterunt,
728 1198 775 1250 ac,
805 1178 833 1239 si
865 1198 939 1241 sese
972 1179 1114 1243 interfici

73 1274 193 1349 nollent,
209 1296 300 1337 arma
324 1296 449 1355 ponere
473 1274 654 1357 jusserunt.
702 1272 811 1337 ²Cum
838 1274 894 1349 illi,
912 1276 991 1339 orbe
1014 1274 1113 1351 facto,
1130 1300 1169 1363 1⁰,

74 1392 137 1434 sese
176 1370 406 1446 defenderent,
430 1373 584 1436 celeriter
629 1374 672 1435 ad
717 1373 895 1436 clamorem
941 1375 1113 1437 hominum

73 1470 189 1532 circiter
230 1470 323 1532 milia
367 1490 425 1533 sex
463 1480 701 1533 convenerunt.
751 1470 827 1551 Qua
870 1492 906 1533 re
952 1473 1113 1545 nuntiata,

74 1566 182 1629 Caesar
198 1588 331 1631 omnem
356 1588 396 1629 ex
419 1566 537 1630 castris
564 1567 751 1649 equitatum
776 1569 846 1631 suis
870 1569 990 1631 auxilio
1014 1570 1112 1633 misit.
1134 1578 1164 1643 >t

72 1660 219 1727 ³lnterim
237 1664 344 1728 nostri
360 1664 485 1727 milites
510 1665 673 1746 impetum
700 1664 847 1729 hostium
873 1666 1113 1741 sustinuerunt,

73 1771 159 1841 atque
179 1763 318 1843 amplius
343 1762 433 1825 horis
464 1772 621 1844 quattuor
654 1760 838 1826 fortissime
868 1774 1112 1845 pugnaverunt,
1129 1787 1157 1838 ¹5

74 1868 101 1919 ct
122 1860 227 1938 paucis
250 1859 445 1922 vulneribus
470 1859 619 1941 acceptis
644 1860 834 1941 complures
857 1882 898 1923 ex
920 1861 973 1923 his
990 1862 1116 1924 occide-

74 1966 149 2017 runt.
190 1954 336 2019 4Postea
358 1977 437 2019 vero
462 1977 560 2039 quam
586 1958 755 2039 equitatus
780 1967 895 2021 noster
910 1958 943 2020 in
961 1980 1117 2039 conspec-

74 2061 133 2114 tum
171 2055 272 2130 venit,
311 2056 428 2117 hostes
474 2054 617 2136 abjectis
658 2055 759 2117 armis
797 2064 893 2136 terga
929 2066 1112 2131 verterunt,

74 2169 264 2234 magnusque
279 2172 394 2216 eorum
413 2172 571 2214 numerus
589 2162 641 2215 est
658 2153 796 2215 occisus.

111 2251 153 2326 38.
178 2249 299 2313 Caesar
330 2260 464 2331 postero
493 2249 547 2312 die
571 2250 610 2313 T.
641 2250 826 2312 Labienum
854 2250 1010 2331 legatum,
1039 2271 1160 2314 cumzo

74 2343 106 2405 iis
126 2346 306 2427 legionibus
324 2368 406 2428 quas
428 2368 469 2409 ex
495 2347 667 2409 Britannia
692 2348 876 2422 reduxerat,
894 2348 925 2409 in
954 2349 1113 2423 Morinos

73 2442 119 2522 qui
153 2445 365 2507 rebellionem
402 2442 562 2520 fecerant,
606 2445 704 2507 misit.
753 2444 821 2526 Qui
859 2465 944 2519 cum,
980 2456 1116 2527 propter

73 2538 226 2603 siccitates
258 2542 428 2623 paludum,
453 2562 519 2623 quo
553 2561 590 2605 se
625 2542 814 2623 reciperent
850 2562 916 2605 non
951 2544 1114 2606 haberent

75 2637 140 2716 (quo
162 2640 329 2719 superiore
352 2660 441 2701 anno
466 2636 619 2721 perfugio
644 2636 777 2701 fuerant
801 2640 874 2719 usi),
900 2662 1017 2703 omnes
1044 2638 1115 2703 fere

73 2732 100 2794 in
122 2747 315 2816 potestatem
343 2736 482 2799 Labieni
506 2747 738 2817 pervenerunt.
773 2733 870 2799 '2At
900 2738 941 2817 Q.
966 2738 1114 2800 Titurius
1129 2760 1158 2811 ²5

73 2836 101 2887 et
123 2828 156 2891 L.
180 2830 279 2893 Cotta
303 2831 413 2913 legati,
440 2832 554 2914 quiin
584 2832 816 2915 Menapiorum
848 2834 933 2897 fines
965 2836 1115 2916 legiones

74 2924 228 3002 duxerant,
267 2929 424 2991 omnibus
463 2950 578 2992 eorum
621 2930 710 3011 agris
749 2931 897 3005 vastatis,
936 2928 1114 2995 frumentis

26 3107 27 3114 ἵ
75 3024 206 3099 succisis,
230 3026 426 3089 aedificiis
418 3027 575 3102 mcensis‚
601 3028 688 3108 quod
714 3028 862 3109 Menapii
887 3050 922 3091 se
946 3050 1063 3092 omnes
1081 3032 1113 3091 in

75 3118 262 3185 densissmas
285 3124 386 3185 silvas
410 3124 616 3198 abdiderant
594 3135 678 3186 tse
702 3126 742 3186 ad
776 3125 952 3189 Caesarem
986 3147 1116 3207 recepe-

30 3253 43 3312 q
75 3227 148 3280 runt
196 3218 385 3283 3Caesar
376 3242 411 3282 1n
445 3221 558 3302 Belgis
590 3222 739 3283 omnium
772 3222 940 3304 legionum
976 3225 1115 3287 hiberna
1129 3247 1164 3295 30

46 3295 242 3382 iconstituit.
307 3319 357 3379 Eo
390 3320 474 3381 duae
510 3319 645 3381 omnino
680 3320 832 3383 civitates
869 3342 909 3383 ex
943 3322 1115 3384 Britannia

57 3385 193 3475 obsides
230 3415 401 3489 miserunt,
435 3415 581 3497 reliquae
620 3416 848 3497 neglexerunt
913 3419 977 3481 His
1016 3419 1114 3481 rebus

79 3508 177 3583 gestis,
200 3531 238 3573 ex
267 3512 389 3574 litteris
422 3512 576 3575 Caesaris
607 3513 733 3576 dierum
766 3514 885 3597 viginti
918 3514 1115 3595 supplicatio

80 3612 224 3701 asenatu
218 3588 362 3672 decreta
378 3618 437 3671 est
