2667 4159
184 168 227 233 74
421 151 602 236 Campaign
625 154 761 235 against
783 154 836 215 tlte
862 153 1029 217 Germana
1166 168 1292 236 [Casan

227 344 360 426 longius
392 346 649 427 progrederetur
679 346 828 409 orabant.
890 341 999 409 ²Cum
1030 344 1063 407 id
1095 366 1163 407 non
1188 344 1293 425 impe-

227 452 384 517 trassent,
409 443 569 524 petebant
593 443 642 505 uti
665 443 706 504 ad
731 462 788 505 eos
812 443 943 525 equites
967 443 1023 525 qui
1054 463 1175 525 agmen
1201 452 1293 504 ante-

228 540 411 603 cessissent
460 540 700 621 praemitteret,
753 560 876 621 eosque
924 561 1038 623 pugna
1084 540 1292 622 prohiberet,

228 638 358 719 sibique
385 647 422 699 ut
453 646 657 718 potestatem
690 634 817 701 faceret
849 637 882 699 in
916 637 1023 701 Ubios
1055 638 1186 720 legatos
1219 638 1294 699 mit-

202 735 344 811 5tendi3
368 755 508 816 quorum
526 734 553 796 si
576 734 746 817 principes
765 755 804 798 ac
829 744 967 797 senatus
989 735 1053 798 sibi
1071 735 1293 817 jurejurando

228 833 328 895 fidem
359 830 505 907 fecisset,
530 852 570 895 ea
600 832 795 896 condicione
827 852 911 914 quae
935 852 955 895 a
979 831 1123 896 Caesare
1146 830 1295 899 ferretur

229 951 264 993 se
296 951 414 993 usuros
445 931 690 993 ostendebant:
720 930 762 993 ad
793 931 853 992 has
884 950 938 992 res
969 930 1196 994 conficiendas
1229 931 1294 993 sibi

229 1028 330 1090 tridui
361 1028 507 1109 spatium
538 1028 642 1091 daret.
700 1023 818 1091 3Haec
857 1027 970 1090 omnia
1008 1026 1132 1091 Caesar
1172 1029 1294 1090 eodem

229 1126 285 1187 illo
308 1125 476 1207 pertinere
508 1125 741 1200 arbitrabatur,
767 1136 803 1187 ut
836 1123 938 1187 tridui
968 1144 1061 1188 mora
1091 1126 1295 1207 interposita

188 1247 219 1281 ιο
230 1224 360 1305 equites
401 1243 526 1300 eorum,
566 1221 622 1304 qui
659 1223 829 1296 abessent,
870 1233 1137 1286 reverterentur:
1178 1233 1295 1285 tamen

230 1341 304 1384 sese
328 1340 397 1383 non
421 1320 554 1402 longius
578 1320 713 1382 milibus
737 1340 896 1401 passuum
920 1328 1078 1401 quattuor
1100 1321 1295 1402 aquationis

230 1439 331 1481 causa
346 1438 581 1500 processurum
600 1438 640 1481 eo
661 1417 716 1481 die
740 1417 842 1493 dixit3
865 1417 930 1480 huc
953 1427 1090 1500 postero
1113 1418 1168 1481 die
1193 1440 1295 1501 quam

230 1514 493 1597 frequentissimi
531 1515 761 1590 convenirent,
801 1524 838 1577 ut
877 1515 919 1578 de
961 1534 1074 1577 eorum
1113 1516 1296 1597 postulatis

231 1622 459 1695 cognosceret.
521 1609 687 1675 4Interim
718 1612 759 1674 ad
790 1608 988 1693 praefectos,
1013 1612 1069 1695 qui
1100 1614 1296 1676 cumomni

190 1733 218 1785 15
232 1711 383 1793 equitatu
401 1718 664 1783 antecesserant,
687 1709 790 1771 mittit
813 1708 869 1791 qui
888 1710 1082 1773 nuntiarent
1111 1731 1154 1773 ne
1176 1712 1296 1773 hostes

232 1808 356 1889 proelio
388 1807 613 1882 lacesserent;
644 1816 689 1891 et,
722 1805 750 1869 si
773 1806 836 1887 ipsi
867 1806 1119 1882 lacesserentur,
1153 1808 1298 1871 sustine-

232 1914 317 1980 rent,
335 1906 442 1986 quoad
459 1904 530 1984 ipse
546 1924 622 1967 cum
639 1903 786 1966 exercitu
802 1902 938 1985 propius
954 1905 1162 1968 accessisset.

279 2020 325 2063 12.
358 2001 549 2075 Athones,
567 2001 624 2063 ubi
645 2000 790 2083 primum
813 2010 947 2063 nostros
964 2001 1095 2083 equites
1115 2022 1297 2085 conspexe-
1326 1970 1327 2046 l

233 2108 320 2172 runt,
346 2118 486 2180 quorum
517 2108 587 2161 erat
611 2098 759 2181 quinque
783 2098 912 2161 milium
936 2118 1104 2174 numerus,
1129 2120 1206 2162 cum
1230 2100 1294 2181 ipsi

190 2221 222 2255 20
233 2218 301 2259 non
324 2196 467 2277 amplius
490 2195 705 2277 octingentos
729 2195 859 2277 equites
883 2195 1056 2271 haberent,
1081 2198 1170 2278 quod
1195 2198 1218 2258 ii
1238 2197 1295 2279 qui

232 2292 461 2356 frumentandi
488 2313 589 2355 causa
612 2292 720 2355 ierant
744 2302 837 2355 trans
864 2292 994 2356 Mosam
1019 2296 1168 2356 nondum
1193 2296 1296 2357 redie-

233 2401 317 2466 rant,
335 2390 418 2452 nihil
442 2390 641 2452 timentibus
664 2389 800 2463 nostris,
818 2390 906 2471 quod
930 2389 1033 2471 legati
1057 2411 1172 2454 eorum
1196 2392 1294 2473 paulo

233 2500 347 2552 antea
371 2487 515 2551 Caesare
538 2488 764 2551 discesserant
788 2496 888 2568 atque
911 2485 940 2549 is
964 2486 1035 2550 dies
1059 2487 1199 2551 indutiis
1223 2498 1294 2551 erat

232 2588 274 2651 ab
299 2587 351 2649 his
378 2586 514 2667 petitus,
541 2584 670 2665 impetu
697 2580 788 2647 facto
815 2583 971 2647 celeriter
1002 2594 1136 2648 nostros
1168 2596 1295 2667 pertur-
1324 2596 1325 2634 i

190 2686 418 2760 25baverunt3
455 2678 590 2744 2rursus
622 2681 868 2757 resistentibus
901 2682 1144 2745 consuetudine
1170 2704 1231 2746 sua
1253 2684 1293 2745 ad

233 2782 336 2863 pedes
359 2780 575 2855 desiluerunt,
602 2776 765 2841 subfossis
789 2778 884 2861 equis
903 2779 1199 2862 compluribusque
1221 2802 1295 2845 nos·
1323 2854 1324 2859 η

233 2879 293 2942 tris
316 2877 467 2959 dejectis,
493 2877 636 2958 reliquos
661 2876 695 2937 in
721 2871 835 2958 fugam
862 2876 1089 2957 conjecerunt,
1115 2886 1218 2960 atque
1247 2878 1294 2941 ita
1323 2868 1324 2926 l

233 2975 429 3057 perterritos
446 2983 597 3055 egerunt,
614 2982 650 3035 ut
668 2994 735 3036 non
760 2972 852 3054 prius
874 2970 954 3055 fuga
974 2974 1179 3038 desisterent
1196 2997 1292 3059 quam

234 3075 267 3135 in
284 3081 502 3153 conspectum
526 3070 670 3152 agminis
694 3070 800 3133 nostri
821 3071 1003 3134 venissent.
1051 3068 1115 3134 ⁸In
1140 3093 1181 3136 eo
1205 3094 1294 3155 proe-

191 3172 277 3244 3olio
316 3191 357 3233 ex
395 3169 563 3251 equitibus
607 3168 731 3230 nostris
770 3167 1017 3230 interficiuntur
1059 3180 1219 3251 quattuor
1261 3181 1292 3233 et
1322 3210 1323 3220 κ

234 3268 469 3350 septuaginta;
508 3266 541 3327 in
573 3265 625 3328 his
655 3265 706 3327 vir
734 3261 947 3339 fortissimus,
981 3264 1056 3328 Piso
1089 3266 1291 3349 Aquitanu5‚

233 3365 440 3447 amplissimo
471 3384 595 3445 genere
627 3372 735 3437 natus,
769 3361 864 3443 cujus
896 3382 977 3425 avus
1008 3361 1042 3424 in
1074 3364 1212 3428 civitate
1235 3388 1293 3428 sua

234 3483 374 3544 regnum
413 3462 614 3534 obtinuerat,
647 3459 772 3521 amicus
808 3459 848 3521 ab
888 3470 1008 3522 senatu
1040 3471 1154 3523 nostro
1187 3464 1293 3545 appel·
1321 3494 1322 3509 r

233 3560 328 3623 latus.
375 3556 467 3621 4Hic
491 3577 566 3620 cum
597 3554 692 3618 fratri
723 3555 853 3619 incluso
878 3558 919 3618 ab
951 3558 1103 3619 hostibus
1135 3561 1291 3623 auxilium

192 3679 221 3730 35
234 3654 345 3730 ferret,
372 3656 464 3717 illum
495 3672 538 3716 ex
569 3651 717 3734 periculo
748 3653 879 3733 eripuit,
905 3653 975 3733 ipse
1008 3674 1092 3736 equo
1120 3656 1292 3720 vulnerato

235 3752 396 3833 dejectus,
415 3752 522 3831 quoad
545 3749 665 3830 potuit,
683 3746 865 3812 fortissime
890 3751 1035 3814 restitit:
1059 3772 1135 3814 cum
1160 3754 1293 3818 circum-
