2667 4159
152 181 195 260 46
391 179 468 241 War
488 178 528 259 of
544 178 596 240 tlte
617 178 761 260 Belgr'an
786 176 1007 259 Consederacy.
1133 193 1259 262 [Casan

196 370 333 435 alteram
359 380 486 452 partem
511 369 590 432 item
617 369 812 432 cohortandi
837 389 936 432 eausa
965 367 1146 450 profectus
1176 391 1259 452 pug-

196 469 354 532 nantibus
393 467 544 532 occurrit.
607 467 783 549 Temporis
830 475 924 529 tanta
967 464 1031 530 fuit
1077 467 1257 549 exiguitas,

196 566 409 648 hostiumque
442 575 509 627 tam
541 565 747 646 paratus'ad
779 564 1002 628 dimicandum
1040 565 1183 639 animuS,
1218 577 1258 628 ut

197 684 264 726 non
295 665 395 725 modo
426 663 467 724 ad
496 662 641 744 insignia
672 662 965 736 adcommodanda,
994 663 1052 725 sed
1083 663 1186 725 etiam
1214 664 1258 726 ad

170 761 309 844 5galeas
356 759 541 822 induendas
584 759 754 841 scutisque
808 759 994 841 tegimenta
1046 760 1259 824 detrudenda

196 868 331 940 tempus
349 855 509 920 'defuerit
556 854 689 938 4Quam
717 856 855 938 quisque
876 857 918 919 ab
941 876 1041 938 opere
1066 857 1100 920 in
1124 867 1258 938 partem

197 976 274 1018 casu
299 955 444 1029 devenit,
470 973 619 1037 quaeque
643 953 748 1034 prima
772 953 867 1035 signa
898 954 1083 1036 conspexit,
1107 955 1149 1018 ad
1173 956 1259 1019 haec

197 1053 360 1126 constitit,
400 1051 515 1114 ne·in
554 1050 752 1133 quaerendis
791 1050 860 1113 suis
901 1051 1073 1134 pugnandi
1121 1061 1259 1134 tempus

198 1150 391 1213 dimitteret.

156 1270 186 1306 10
242 1263 292 1310 22.
319 1247 490 1308 Instructo
514 1246 671 1324 exercitu,
689 1244 795 1328 magis
812 1255 848 1308 ut
864 1244 928 1309 loci
950 1255 1070 1310 natura
1091 1246 1261 1330 dejectus-

197 1365 260 1427 que
285 1343 379 1407 collis
402 1353 436 1406 et
461 1343 645 1406 necessitas
669 1344 838 1424 temporis,
857 1364 954 1425 quam
972 1353 1007 1406 ut
1031 1344 1079 1408 rei
1103 1346 1259 1410 militaris
1329 1393 1330 1400 κ

198 1442 281 1506 ratio
312 1450 412 1524 atque
444 1442 523 1503 ordo
555 1441 755 1522 postulabat,
788 1460 863 1504 curn
894 1441 1035 1505 diversis
1065 1441 1258 1525 legionibus

198 1540 281 1604 aliae
319 1539 382 1601 alia
420 1538 454 1601 in
486 1547 580 1620 parte
620 1537 773 1600 hostibus
812 1538 1018 1615 resisterent,
1051 1541 1257 1623 sepibusque

198 1636 406 1700 densissimis
436 1637 484 1717 (ut
515 1645 594 1698 ante
625 1633 939 1716 demonstravimus)
965 1635 1154 1719 interJectis
1186 1657 1260 1720 pro-

157 1744 335 1817 15spectus
373 1731 598 1815 impediretur,
638 1751 746 1813 ncque
777 1742 869 1795 certa
899 1732 1048 1796 subsidia
1078 1735 1259 1811 conlocari,

199 1851 307 1914 neque
339 1830 416 1911 quid
455 1829 489 1891 in
528 1849 656 1911 quaque
694 1839 789 1910 parte
827 1849 911 1913 opus
950 1841 1040 1895 esset
1079 1833 1258 1915 provideri,

200 1948 307 2012 neque
338 1927 379 1991 ab
410 1947 477 1990 uno
508 1926 620 1990 omnia
650 1926 789 2010 imperia
826 1928 1051 1992 administrari
1090 1941 1257 2014 poterant.

201 2030 328 2114 Itaque,
362 2031 395 2094 in
433 2039 530 2093 tanta
566 2048 676 2091 rerum
714 2027 899 2110 iniquitate,
930 2024 1087 2094 fortunae
1125 2050 1260 2112 quoque

198 2139 340 2193 eventus
363 2127 445 2190 varii
470 2125 703 2209 sequebantur.

156 2247 188 2283 20
244 2244 292 2307 ²3·
322 2225 480 2308 Legionis
497 2243 604 2286 nonae
621 2232 654 2285 et
678 2222 826 2286 decimae
850 2222 983 2299 milites
1001 2233 1037 2286 ut
1062 2224 1097 2288 in
1121 2223 1260 2289 sinistra
1327 2282 1328 2293 ,

198 2334 293 2406 parte
318 2324 388 2387 acie
416 2324 646 2397 constiterant,
673 2321 748 2403 pilis
773 2321 915 2397 emissis,
938 2343 1038 2386 cursu
1062 2344 1102 2387 ac
1127 2321 1260 2387 lassitu-
1327 2300 1329 2352 l

198 2421 276 2484 dine
303 2421 509 2485 exanimatos
535 2419 795 2502 vulneribusque
819 2417 992 2483 confectos
1016 2420 1261 2484 Atrebates—

199 2537 275 2580 nam
307 2519 358 2582 his
391 2539 430 2582 ea
457 2538 533 2599 pars
561 2516 965 2580 obvenerat-celeriter
991 2538 1032 2580 ex
1062 2517 1137 2581 loco
1165 2537 1260 2600 supe·
1325 2554 1326 2613 3

199 2614 285 2677 riore
324 2616 357 2677 in
396 2615 519 2677 flumen
558 2612 801 2694 compulerunt,
841 2623 874 2676 et
913 2614 1057 2678 transire
1095 2625 1259 2679 conantes
1324 2618 1327 2699 J

156 2732 185 2784 25
200 2711 351 2787 insecuti,
391 2712 510 2795 gladiis
548 2731 703 2793 magnam
741 2723 869 2792 partem
909 2699 1025 2776 eorum
1064 2712 1258 2795 impeditam
1324 2702 1326 2777 l

199 2807 448 2872 interfecerunt.
497 2807 588 2889 2Ipsi
604 2809 747 2872 transire
766 2807 890 2873 flumen
915 2830 983 2874 non
1007 2810 1258 2885 dubitaverunt,
1323 2838 1325 2940 q

200 2915 233 2968 et
251 2906 284 2967 in
301 2905 579 2988 locuminiquum
595 2905 772 2986 progressi,
790 2925 904 2971 rursus
921 2907 1122 2972 resistentes
1141 2909 1258 2973 hostes
1322 2986 1323 2989 Ἴ

199 3003 426 3084 redintegrato
464 3002 589 3084 proelio
629 3001 662 3064 in
701 2999 814 3083 fugam
860 3004 1085 3085 conjecerunt.
1148 3003 1258 3070 8Item
1322 2998 1324 3085 Ξ

200 3099 262 3160 alia
295 3100 327 3161 in
362 3109 456 3180 parte
495 3099 646 3162 diversae
685 3099 769 3162 duae
807 3099 968 3182 legiones,
1008 3103 1188 3167 undecima
1224 3114 1258 3168 et
1321 3142 1322 3145 =

157 3204 325 3272 3ooctava,
355 3194 558 3277 profligatis
605 3195 860 3271 Veromanduis,
908 3199 1108 3280 quibuscum
1164 3211 1259 3266 erant

200 3292 379 3372 congressi,
413 3313 452 3354 ex
482 3291 555 3354 loco
587 3291 757 3373 superiore
796 3293 829 3356 in
868 3294 950 3376 ipsis
989 3296 1140 3362 fluminis
1179 3299 1258 3380 ripis

200 3387 454 3467 proeliabantur.
501 3386 572 3450 4At
601 3389 682 3452 totis
709 3387 779 3452 lere
808 3411 827 3453 a
852 3388 964 3456 fronte
991 3403 1026 3457 et
1051 3395 1094 3458 ab
1122 3395 1259 3459 sinistra

200 3493 294 3563 parte
319 3484 451 3546 nudatis
475 3485 599 3558 castris,
620 3506 721 3566 quom
744 3486 778 3549 in
802 3488 918 3552 dextro
941 3510 1046 3554 cornu
1069 3492 1161 3574 legio
1185 3495 1260 3557 duo-

200 3581 329 3643 decima
360 3589 394 3642 et
422 3601 489 3642 non
517 3601 637 3661 magno
664 3583 706 3645 ab
733 3604 772 3646 ea
799 3583 975 3650 intervallo
1007 3589 1155 3670 septima
1186 3613 1259 3656 con-

158 3698 187 3748 35
202 3677 352 3751 stitisset,
392 3697 507 3739 omnes
549 3677 662 3739 Nervii
701 3679 950 3746 confertissimo
989 3687 1136 3767 agmine,
1178 3690 1258 3752 duce

202 3773 429 3854 Boduognato
462 3773 517 3855 qui
550 3794 711 3836 summam
751 3777 880 3859 imperii
920 3783 1068 3859 tenebat,
1102 3785 1144 3848 ad
1184 3807 1258 3850 eum
