2667 4159
184 183 222 249 54
515 172 545 231 T
541 170 581 233 lze
602 171 724 253 Alpina
750 170 938 255 campaign.
1161 183 1281 257 [casm

223 363 374 444 patefieri
406 362 547 426 volebat.
606 363 697 425 Huic
731 364 892 445 permisit,
924 364 951 427 si
975 385 1058 446 opus
1091 384 1168 427 esse
1201 363 1281 427 arbi·

223 470 377 535 traretur,
409 460 457 521 uti
496 460 529 521 in
566 461 617 522 his
657 462 738 523 locis
776 462 943 543 legionem
982 461 1151 524 hiemandi
1182 481 1281 524 causa

224 558 421 621 conlocaret.
483 554 621 633 ³Galba,
655 560 812 621 secundis
848 559 973 642 aliquot
1012 558 1145 640 proeliis
1171 556 1278 631 factis,

223 656 437 737 castellisque
470 655 696 736 compluribus
725 676 838 719 eorum
866 657 1072 739 expugnatis,
1097 655 1210 718 missis
1242 656 1280 717 ad

196 774 299 827 seurn
328 753 473 835 undique
499 752 628 833 legatis,
646 753 884 835 obsidibusque
900 754 987 817 datis
1014 763 1048 816 et
1073 774 1156 836 pace
1181 749 1279 826 iacta,

223 850 399 915 constituit
431 851 585 912 cohortes
614 852 696 913 duas
724 850 758 912 in
785 851 1012 914 Nantuatibus
1038 851 1224 924 conlocare,
1249 861 1281 911 ct

222 950 295 1030 ipse
334 969 409 1010 curn
448 947 584 1029 reliquis
623 948 697 1029 ejus
735 948 878 1030 legionis
916 949 1109 1012 cohortibus
1140 948 1176 1011 in
1207 948 1280 1010 vico

222 1047 457 1127 Veragrorum,
482 1044 538 1126 qui
563 1045 749 1127 appellatur
773 1046 974 1120 Octodurus,
1000 1046 1168 1121 hiemare;
1200 1043 1282 1127 4qui

222 1144 324 1217 vicus,
357 1143 486 1223 positus
520 1142 554 1205 in
584 1142 680 1219 valle,
713 1164 781 1205 non
811 1164 933 1225 magna
962 1143 1094 1225 adjecta
1123 1142 1280 1225 planicie,

183 1264 213 1299 ιο
223 1240 397 1303 altissimis
420 1240 591 1303 montibus
616 1242 763 1322 undique
787 1241 988 1305 continetur.
1035 1237 1143 1303 ⁵Cum
1167 1240 1225 1303 hic
1250 1240 1281 1301 in

224 1340 305 1400 duas
329 1348 440 1418 partes
467 1337 603 1400 flumine
636 1338 849 1413 divideretur,
878 1338 1014 1401 alteram
1046 1348 1176 1419 partem
1209 1337 1281 1419 ejus

223 1434 287 1499 vici
312 1435 417 1497 Gallis
443 1436 483 1497 ad
515 1435 729 1498 hiemandum
761 1436 938 1512 concessit,
970 1435 1108 1498 alteram
1139 1456 1280 1499 vacuam

223 1535 264 1596 ab
310 1533 362 1595 his
401 1533 550 1595 relictam
596 1532 789 1596 cohortibus
827 1531 995 1595 adtribuit.
1043 1532 1131 1595 Eum
1169 1532 1280 1597 locum

223 1633 309 1696 vallo
326 1630 481 1714 fossaque
499 1632 647 1695 munivit.

183 1754 210 1806 15
269 1748 296 1794 2.
324 1730 408 1792 Cum
433 1730 503 1791 dies
528 1730 742 1793 hibernorum
768 1729 956 1812 complures
979 1729 1194 1805 transissent,
1220 1727 1281 1792 iru-

218 1839 441 1907 'mentumque
472 1848 511 1889 eo
537 1828 738 1907 comportari
762 1829 928 1910 jussisset,
955 1827 1066 1890 subito
1090 1847 1152 1908 per
1175 1828 1281 1909 explo-
1326 1845 1327 1914 3

224 1936 350 1988 ratores
368 1924 489 1986 certior
507 1920 615 1986 iactus
639 1934 691 1987 est
716 1944 756 1987 ex
779 1945 819 1987 ea
841 1935 936 2005 parte
958 1925 1032 1999 vici,
1051 1945 1150 2006 quam
1176 1924 1289 1988 Gallis
1326 1919 1328 2046 l

224 2030 444 2094 concesserat,
471 2041 587 2083 omnes
619 2031 721 2083 noctu
753 2022 959 2097 discessisse,
991 2031 1203 2104 montesque,
1227 2023 1279 2105 qui

225 2121 467 2201 impenderent,
503 2138 522 2180 a
560 2118 703 2182 maxima
741 2119 956 2183 multitudine
995 2119 1208 2183 Sedunorum
1248 2129 1278 2181 et
1325 2155 1326 2182 ;

182 2242 213 2275 20
224 2218 448 2298 Veragrorum
479 2216 596 2279 teneri.
643 2212 706 2278 ²Id
737 2217 863 2299 aliquot
894 2218 936 2281 de
966 2218 1077 2280 causis
1101 2217 1277 2291 acciderat,

225 2325 260 2377 ut
278 2314 389 2376 subito
407 2312 492 2375 Galli
509 2312 588 2375 belli
605 2314 787 2377 renovandi
811 2312 1019 2397 legionisque
1043 2314 1279 2396 opprimendae

225 2411 401 2475 consilium
425 2420 604 2492 caperent:
642 2412 794 2492 primum,
820 2413 907 2494 quod
939 2411 1278 2495 legionem-neque

224 2530 296 2573 eam
320 2508 559 2590 plenissimam,
580 2508 742 2572 detractis
765 2509 960 2573 cohortibus
984 2509 1112 2572 duabus
1134 2519 1169 2573 et
1197 2530 1279 2574 com·
1324 2506 1326 2633 p

224 2607 372 2689 pluribus
422 2605 625 2688 singulatim,
661 2606 718 2689 qui
756 2616 962 2669 commeatus
1000 2607 1136 2689 petendi
1182 2627 1279 2672 causa

182 2726 210 2779 ²5
223 2704 316 2766 missi
349 2712 648 2784 erant—propter
680 2704 883 2785 paucitatem
908 2704 1160 2786 despiciebant;
1187 2702 1277 2769 8tum
1323 2729 1324 2758 2

224 2802 325 2865 etiarn
341 2801 428 2883 quod
445 2810 582 2882 propter
596 2800 807 2883 iniquitatem
824 2801 898 2877 loci,
916 2822 990 2864 curn
1013 2802 1076 2885 ipsi
1100 2822 1141 2864 ex
1164 2804 1279 2866 monti·
1323 2825 1325 2926 p

224 2900 286 2961 bus
304 2899 338 2960 in
354 2898 471 2960 vallem
492 2899 708 2961 decurrerent
725 2908 759 2963 et
777 2899 845 2962 tela
860 2900 1062 2973 conicerent,
1077 2920 1119 2961 ne
1136 2900 1276 2981 primum

224 2997 357 3078 quidem
389 3015 489 3076 posse
517 2996 678 3077 impetum
718 3017 813 3060 suurn
846 2996 1004 3061 sustineri
1035 2996 1276 3061 existimabant.
1322 3045 1323 3104 q

223 3092 451 3166 ⁴Aecedebat,
485 3093 573 3176 quod
601 3113 680 3157 suos
711 3094 753 3157 ab
781 3114 817 3158 se
840 3094 962 3157 liberos
986 3094 1174 3157 abstractos
1199 3096 1278 3158 obsi·
1322 3107 1323 3178 l

181 3192 302 3262 30dum
320 3190 456 3252 nomine
473 3190 639 3265 dolebant,
659 3201 692 3253 et
711 3192 882 3254 Romanos
902 3211 967 3254 non
993 3191 1099 3254 solum
1123 3189 1275 3255 itinerum

225 3308 332 3362 causa,
350 3288 408 3349 sed
425 3288 524 3349 etiam
543 3297 725 3369 perpetuae
741 3288 964 3369 possessionis
981 3287 1126 3352 culmina
1143 3288 1274 3371 Alpium

225 3404 388 3466 occupare
412 3386 533 3461 conari,
559 3395 592 3447 et
617 3406 657 3448 ea
672 3386 745 3448 loca
769 3386 931 3449 finitimae
954 3385 1144 3468 provinciae
1168 3387 1277 3471 adjun-
1321 3367 1323 3514 y

226 3502 304 3563 gere
322 3482 384 3544 sibi
401 3502 595 3563 persuasum
614 3483 791 3547 habebant.

270 3597 296 3657 3.
324 3579 388 3641 His
428 3580 553 3641 nuntiis
592 3580 749 3659 acceptis,
782 3579 897 3655 Galba,
936 3602 1012 3644 cum
1051 3600 1161 3663 neque
1199 3604 1275 3665 opus

183 3699 212 3750 35
226 3678 440 3739 hibernorum
480 3676 749 3757 munitionesque
788 3679 886 3758 plene
934 3688 1048 3741 essent
1102 3677 1272 3759 perlectae,
1320 3667 1321 3698 ³

227 3793 335 3854 neque
366 3775 407 3836 de
437 3769 606 3836 frumento
638 3774 832 3855 reliquoque
858 3785 1046 3839 commeatu
1079 3776 1162 3840 satis
1193 3789 1273 3842 esset
1320 3793 1322 3806 '
