2667 4159
435 39 460 145 9

85 175 113 229 B·
128 176 163 230 G·
177 128 215 229 ll
231 176 293 246 30·]
343 156 480 243 Counlel
492 180 533 261 of
544 177 688 243 Sabinus
704 188 734 241 to
751 188 876 244 retreat.
1073 198 1131 263 103

84 373 238 436 mentaria
254 394 321 436 non
341 374 465 455 premi3
488 373 615 436 interea
631 383 665 437 et
688 394 729 437 ex
753 374 910 455 proximis
934 375 1081 441 hibernis
1099 390 1132 444 et

84 495 102 536 a
128 475 269 539 Caesare
300 485 506 538 conventura
536 474 703 552 subsidia;
740 486 917 557 postremo,
947 478 1026 560 quid
1058 500 1132 544 esse

85 575 180 637 levius
197 586 255 638 aut
277 576 416 657 turpius,
433 596 532 659 quarn
549 587 685 640 auctore
708 576 803 641 hoste
819 578 860 641 de
877 578 1015 642 summis
1033 580 1131 645 rebus

85 694 192 758 capere
209 676 383 740 consilium
397 676 426 739 l'

125 795 170 859 29.
194 778 324 841 Contra
335 796 375 841 ea
389 776 540 840 Titurius
553 785 640 841 ‘sero
656 775 815 841 facturos’
828 778 1027 856 clamitabat,
1041 788 1129 847 ‘cunr
1151 815 1165 867 5

85 878 216 961 majores
239 899 358 941 manus
383 878 539 955 bostium,
563 878 730 961 adjunctis
756 878 940 956 Germanis,
960 880 1132 945 convenis-

24 1055 25 1068 *
85 990 170 1055 sent;
193 991 251 1043 aut
276 999 351 1042 cum
375 978 499 1062 aliquid
523 979 718 1043 calamitatis
743 979 775 1041 in
801 980 957 1061 proximis
982 982 1130 1047 hibernis

85 1091 164 1143 esset
188 1091 373 1161 acceptum.
421 1080 558 1144 Brevem
584 1079 778 1143 consulendi
805 1102 878 1144 esse
902 1082 1129 1148 occasionem:

84 1176 273 1245 ²Caesarem
293 1179 445 1244 arbitrari
467 1178 652 1261 profectum
678 1180 710 1242 in
733 1180 884 1259 Italiam;
910 1202 1016 1265 neque
1035 1184 1131 1248 aliter

86 1280 239 1345 Carnutes
264 1282 486 1345 interficiendi
513 1282 664 1363 Tasgetii
689 1280 862 1344 consilium
888 1280 990 1347 fuisse
1014 1296 1129 1366 captu·
1151 1316 1180 1355 10

84 1402 142 1457 ros,
158 1404 262 1466 neque
286 1383 471 1457 Eburones,
488 1382 516 1446 si
540 1382 594 1445 ille
611 1383 751 1457 adesset,
770 1392 863 1446 tanta
882 1386 1130 1465 contemptione

85 1483 181 1545 nostri
196 1485 238 1547 ad
254 1493 362 1546 castra
378 1492 536 1546 venturos
553 1503 636 1547 esse.
682 1480 782 1546 8Non
809 1484 937 1547 hostem
961 1495 1128 1550 auctorem

85 1584 138 1645 sed
156 1603 222 1647 rem
239 1596 413 1666 spectare;
436 1585 575 1647 subesse
601 1584 779 1661 Rhenum;
805 1604 926 1665 magno
951 1606 1025 1649 esse
1050 1586 1129 1651 Ger·

85 1683 183 1747 manis
213 1685 317 1749 dolori
348 1684 511 1748 Ariovisti
546 1697 684 1747 mortem
717 1695 751 1747 et
782 1686 967 1767 superiores
1000 1699 1129 1751 nostras

85 1782 248 1861 victorias;
271 1787 387 1849 ardere
412 1785 563 1861 Galliam,
587 1796 636 1849 tot
660 1785 870 1848 contumeliis
896 1787 1049 1868 acceptis,
1067 1790 1128 1852 sub
1150 1818 1178 1871 ¹5

86 1885 189 1965 populi
212 1886 355 1948 Romani
379 1886 552 1968 imperium
573 1888 752 1961 redactam,
769 1886 939 1967 superiore
962 1887 1066 1969 gloria
1083 1890 1128 1953 rei

87 1985 224 2049 militaris
240 1986 426 2056 exstincta:
458 1984 659 2059 *Postremo
685 1986 758 2069 quis
783 1987 845 2049 hoc
870 1987 931 2049 sibi
956 1990 1129 2069 persuade·

23 2168 26 2171 ἡ
88 2096 140 2157 ret,
162 2086 229 2158 sine
250 2077 348 2150 ‘certa
376 2108 409 2150 re
438 2087 667 2168 Ambiorigem
693 2088 734 2149 ad
763 2086 924 2169 ejusmodi
955 2090 1128 2154 consilium

87 2185 312 2251 descendisse?
352 2188 469 2252 'Suam
501 2188 700 2265 sententiam
734 2188 766 2249 in
796 2197 969 2271 utramque
1001 2203 1127 2271 partem

87 2306 154 2349 esse
175 2299 299 2352 tutam:
322 2290 351 2352 si
369 2289 448 2351 nihil
474 2300 563 2355 esset
579 2289 702 2362 durius,
721 2289 809 2351 nullo
826 2309 900 2351 curn
926 2291 1070 2370 periculo
1087 2294 1128 2355 ad
1149 2320 1178 2355 20

88 2388 256 2465 proximam
284 2390 449 2471 legionem
473 2400 689 2471 perventuros
703 2411 725 2479 ;⁵
739 2390 767 2452 si
792 2389 898 2451 Gallia
922 2390 1029 2453 omnis
1053 2414 1127 2455 cum

88 2486 250 2553 Germanis
278 2491 491 2565 consentiret,
516 2511 614 2553 unam
638 2512 712 2554 esse
736 2492 769 2553 in
793 2490 962 2557 celeritate
986 2494 1127 2575 positam

87 2589 240 2655 salutem
279 2587 423 2655 ⁵Cottae
449 2591 591 2673 quidem,
619 2602 719 2673 atque
746 2612 859 2654 eorum
888 2594 944 2675 qui
975 2595 1130 2657 dissenti-

87 2700 161 2762 rent,
187 2692 359 2755 consilium
388 2712 486 2773 quem
518 2692 639 2754 habere
671 2693 817 2756 exitum?
849 2696 881 2757 in
914 2717 979 2777 quo
1004 2696 1032 2758 si
1060 2716 1127 2759 non

88 2808 231 2867 praesens
255 2792 448 2873 periculum,
464 2803 497 2855 at
520 2803 611 2856 certe
634 2793 815 2876 longinqua
839 2795 1011 2859 obsidione
1027 2794 1128 2859 fantes
1147 2818 1178 2871 25

87 2902 168 2955 esset
190 2892 358 2956 timenda'

127 3008 170 3070 30.
196 2994 271 3056 Hac
288 2994 321 3055 in
339 3004 514 3075 utramque
529 3006 653 3075 partem
673 2997 896 3077 disputatione
913 2998 1034 3072 habita,
1053 3018 1126 3061 cum

87 3111 104 3152 a
122 3093 214 3157 Cotta
236 3094 419 3178 primisque
442 3095 612 3159 ordinibus
632 3097 752 3159 acriter
768 3099 997 3177 resisteretur,
1022 3098 1129 3161 “Vin-

88 3192 169 3266 cite'’
186 3195 299 3278 inquit,
317 3196 372 3257 “si
396 3195 442 3257 ita
456 3196 585 3271 vultis,'’
604 3197 757 3271 Sabinus,
774 3209 808 3260 et
828 3198 860 3260 id
886 3197 1021 3262 clariore
1038 3219 1127 3273 uoce,

88 3302 121 3353 ut
135 3313 250 3376 magna
266 3316 341 3377 pars
359 3296 500 3360 militum
514 3298 702 3361 exaudiret:
726 3295 762 3337 ²“
772 3319 879 3381 neque
903 3300 930 3361 is
954 3299 1055 3374 sum,'’
1081 3300 1129 3361 in·
1148 3320 1178 3371 30

89 3393 158 3471 quit,
175 3396 255 3478 f‘qui
279 3398 472 3479 gravissime
493 3418 533 3460 ex
556 3398 651 3460 vobis
676 3400 791 3461 mortis
816 3400 961 3481 periculo
986 3412 1127 3463 terrear:

90 3491 120 3553 hi
142 3497 287 3577 sapient;
315 3498 343 3561 si
371 3498 503 3580 gravius
528 3498 605 3581 quid
634 3499 799 3574 acciderit,
824 3501 883 3563 abs
912 3511 944 3565 te
968 3502 1127 3564 rationem

90 3611 271 3676 reposcent;
302 3596 391 3681 ³qui,
419 3599 447 3661 si
479 3619 537 3680 per
568 3609 601 3662 te
629 3599 735 3675 liceat,
763 3602 944 3681 perendino
972 3604 1025 3665 die
1053 3622 1125 3664 cum

92 3698 233 3771 proximis
265 3700 415 3763 hibernis
428 3701 622 3783 ,conjuncti
650 3721 859 3763 communem
892 3723 965 3764 cum
995 3701 1127 3782 reliquis

93 3792 157 3859 belli
179 3820 288 3862 casum
310 3801 506 3873 sustineant,
524 3822 589 3863 non
616 3800 729 3880 rejecti
754 3811 787 3863 et
811 3802 946 3883 relegati
970 3802 1069 3881 longe
1086 3802 1128 3861 ab
1146 3818 1175 3869 35

32 3892 37 3901 ’
93 3900 197 3961 ceteris
213 3912 269 3965 aut
285 3898 374 3963 ferro
390 3912 447 3965 aut
462 3898 549 3965 lame
566 3899 757 3963 intereant.''
