2667 4159
63 191 88 239 B.
100 190 130 240 G.
144 190 186 240 lV.
200 189 253 257 21.]
298 173 467 254 Proposed
484 172 643 234 Invasion
666 172 706 253 of
721 170 865 233 Britain.
1099 184 1139 252 79

61 364 190 440 iniceret,
207 376 242 427 ut
261 366 465 448 Sugambros
482 364 708 439 ulcisceretur,
727 372 764 425 ut
790 362 893 426 Ubios
921 364 1096 427 obsidione

61 463 205 537 liberaret,
224 463 342 526 diebus
359 463 494 525 omnino
511 462 627 525 decem
656 470 688 522 et
714 470 792 523 octo
820 470 911 523 trans
940 463 1094 525 Rhenum

61 561 256 641 consumptis,
290 560 372 623 satis
399 569 434 622 et
460 560 502 621 ad
529 558 660 621 laudem
689 566 724 620 et
751 557 792 619 ad
820 558 999 621 utilitatem
1026 579 1097 640 pro·

60 655 167 719 iectum
192 659 380 732 arbitratus,
414 678 450 721 se
481 657 515 717 in
548 656 689 719 Galliam
724 654 858 735 recepit,
891 667 1096 737 pontemque

60 755 184 819 rescidit.
1127 777 1140 828 5

95 870 138 915 20.
162 853 291 935 Exigua
321 863 415 934 parte
445 851 585 916 aestatis
616 850 751 933 reliqua,
792 849 924 926 Caesar,
965 850 1029 914 etsi
1063 851 1097 913 in

59 950 102 1011 his
124 951 199 1013 locis
228 952 328 1033 (quod
359 950 467 1013 omnis
496 948 604 1011 Gallia
629 948 671 1010 ad
696 949 945 1029 septentriones
976 948 1096 1031 vergit)

59 1058 189 1111 maturae
220 1058 299 1111 sunt
328 1048 465 1123 hiemes
489 1056 602 1109 tamen
635 1044 670 1107 in
700 1044 906 1109 Britanniam
931 1046 1097 1127 proficisci

60 1146 238 1208 contendit:
260 1142 375 1226 ²quod
391 1144 546 1206 omnibus
566 1139 638 1206 fere
663 1142 800 1206 Gallicis
824 1128 920 1205 bellis
944 1143 1098 1205 hostibus

59 1243 166 1305 nostris
195 1242 273 1305 inde
305 1240 570 1303 sumministrata
592 1240 715 1303 auxilia
738 1239 977 1322 intellegebat;
1001 1249 1043 1314 et,
1069 1241 1097 1303 si
1112 1262 1143 1297 ιο

58 1349 175 1420 tempus
190 1339 269 1402 anni
286 1339 327 1402 ad
343 1338 467 1401 bellum
484 1339 669 1421 gerendum
687 1336 855 1412 deficeret,
874 1346 985 1401 tamen
1011 1358 1099 1422 mag-

58 1456 94 1497 no
115 1436 172 1499 sibi
195 1437 271 1499 usui
293 1434 364 1500 fore
387 1436 619 1509 arbitrabatur,
633 1435 662 1497 si
684 1435 783 1497 modo
806 1434 947 1497 insulam
973 1436 1098 1499 adisset

58 1543 86 1594 et
111 1555 212 1615 genus
244 1534 417 1596 hominum
449 1532 684 1615 perspexisset,
717 1533 798 1607 loca,
831 1544 955 1614 portus
987 1534 1098 1596 aditus

58 1632 278 1712 cognovisset3
300 1652 384 1713 quae
413 1628 620 1694 omniafere
652 1630 758 1693 Gallis
789 1640 884 1693 erant
916 1631 1096 1712 incognita.

57 1723 184 1811 3Neque
200 1730 292 1793 enim
309 1739 435 1793 temere
457 1739 598 1811 praeter.
615 1738 817 1791 mercatores
841 1728 897 1790 illo
921 1729 989 1791 adit
1013 1729 1141 1811 quis-15

58 1844 150 1905 quam,
167 1847 276 1910 neque
292 1826 333 1889 iis
350 1826 431 1907 ipsis
447 1827 624 1909 quicquam
641 1839 774 1908 praeter
789 1848 880 1891 oram
898 1826 1096 1891 maritimam

57 1933 143 2005 atque
173 1946 229 1988 eas
262 1924 426 2006 regiones
452 1945 536 2007 quae
568 1935 647 1987 sunt
683 1935 799 1988 contra
823 1926 956 2002 Gallias,
982 1936 1098 1989 notum

57 2029 107 2083 est.
149 2019 294 2106 4Itaque
306 2022 433 2085 vocatis
450 2022 490 2085 ad
508 2043 543 2085 se
560 2024 706 2105 undique
724 2024 972 2101 mercatoribus
991 2045 1100 2107 neque

57 2130 275 2199 quantaesset
291 2120 419 2184 insulae
447 2120 652 2203 magnitudo,
674 2143 782 2205 neque
807 2144 891 2205 quae
919 2134 974 2186 aut
1000 2145 1099 2207 quan-

58 2224 102 2278 tae
130 2219 283 2282 nationes
310 2218 505 2293 incolerent,
532 2240 641 2302 neque
672 2240 769 2301 quem
797 2242 892 2285 usum
910 2221 988 2284 belli
1005 2222 1144 2284 habe-20

58 2326 120 2377 rent
142 2327 198 2380 aut
221 2317 344 2399 quibus
367 2316 535 2380 institutis
560 2328 743 2393 uterentur,
761 2338 870 2401 neque
897 2319 953 2401 qui
984 2329 1099 2382 essent

57 2412 91 2472 ad
130 2416 292 2497 majorum
339 2415 473 2479 navium
520 2415 768 2479 multitudinem
816 2416 926 2480 idonei
972 2426 1097 2498 portus,

57 2513 187 2590 reperire
204 2522 345 2595 poterat.

93 2624 136 2672 21.
161 2610 219 2673 Ad
252 2612 334 2673 haec
365 2612 607 2693 cognoscenda,
641 2611 832 2693 priusquam
864 2611 1026 2692 periclum
1057 2610 1101 2674 ia-

56 2717 143 2782 ceret,
165 2708 325 2770 idoneum
348 2728 423 2771 esse
447 2707 635 2783 arbitratus,
654 2707 775 2771 Gaium
792 2709 1000 2773 Volusenum
1026 2729 1100 2772 cum
1115 2730 1144 2782 ²5

56 2804 121 2866 navi
156 2806 257 2886 longa
295 2804 489 2886 praemittit.
538 2804 629 2868 Huic
668 2805 813 2880 mandat,
847 2816 883 2869 ut
922 2806 1101 2888 exploratis

56 2902 197 2966 omnibus
221 2902 322 2965 rebus
346 2902 387 2964 ad
412 2922 448 2965 se
471 2901 733 2984 quamprimum
759 2914 953 2967 revertatur.
999 2901 1101 2985 ²Ipse

56 3015 120 3059 cum
137 3000 292 3062 omnibus
308 3000 412 3080 copiis
430 3000 464 3061 in
482 2999 632 3062 Morinos
656 3000 888 3081 proficiscitur,
913 3002 1000 3083 quod
1024 3001 1101 3063 inde

56 3106 117 3158 erat
140 3097 357 3159 brevissimus
379 3097 412 3158 in
438 3097 645 3159 Britanniam
669 3096 840 3178 trajectus.
897 3097 975 3161 Huc
999 3119 1101 3161 naves

56 3193 189 3275 undique
220 3216 262 3257 ex
300 3193 452 3255 finitimis
491 3194 693 3275 regionibus
726 3204 760 3258 et
792 3216 889 3278 quam
932 3195 1101 3277 superiore
1116 3218 1146 3267 30

56 3300 171 3354 aestate
198 3292 239 3355 ad
271 3291 472 3353 Veneticum
501 3291 625 3354 bellum
655 3288 814 3356 effecerat
840 3293 989 3367 classem,
1007 3293 1101 3377 jubet

57 3390 231 3453 convenire.
280 3385 456 3463 ³Interim,
474 3390 614 3452 consilio
631 3389 704 3471 ejus
723 3391 867 3471 cognito
886 3401 919 3453 et
939 3412 998 3471 per
1021 3413 1103 3453 mer-

58 3494 174 3549 catores
207 3486 336 3569 perlato
369 3487 409 3547 ad
443 3486 631 3561 Britannos,
661 3508 680 3549 a
714 3488 940 3569 compluribus
976 3489 1103 3551 insulae

58 3579 237 3647 civitatibus
277 3585 318 3646 ad
358 3604 433 3645 eum
472 3583 574 3664 legati
613 3584 761 3659 veniunt,
790 3585 845 3666 qui
884 3585 1104 3665 polliceantur

59 3678 179 3745 obsides
202 3684 291 3755 dare,
316 3690 417 3762 atque
442 3681 580 3762 imperio
611 3682 725 3762 populi
759 3682 903 3743 Romani
936 3684 1104 3763 obtempe-
1117 3704 1145 3754 35

60 3793 129 3841 rare.
173 3777 330 3863 4Quibus
356 3778 487 3852 auditis,
515 3778 698 3840 liberaliter
733 3778 910 3859 pollicitus
940 3780 1104 3840 hortatus-
