2667 4159
170 204 212 263 80
468 203 559 264 Fz'rst
579 203 737 264 Irrvasion
761 204 801 283 of
817 201 961 263 Britain.
1153 212 1285 280 [Casan

213 412 277 474 que
316 402 352 455 ut
392 394 425 456 in
465 414 503 456 ea
541 394 712 456 sententia
751 401 995 474 permanerent,
1024 410 1093 453 ‘eos
1136 390 1282 452 domum

213 490 353 553 remittit
366 512 374 567 ;
413 501 446 553 et
474 512 550 553 cum
574 492 614 554 iis
638 512 704 553 una
730 491 928 563 Commium,
954 509 1051 571 quem
1076 488 1149 568 ipse
1172 488 1285 550 Atre-

213 588 347 649 batibus
364 590 530 668 superatis
546 609 659 670 regem
682 589 728 650 ibi
747 588 977 661 constituerat,
996 586 1091 666 cujus
1116 594 1150 647 et
1171 585 1285 648 virtu-

213 696 281 747 tem
310 695 344 746 et
373 686 547 748 consilium
574 687 744 768 probabat,
770 695 804 747 et
828 704 926 767 quem
952 682 1014 745 sibi
1038 683 1171 745 fidelem
1199 705 1284 747 esse

187 783 444 859 sarbitrabatur,
480 783 642 865 cujusque
686 782 867 845 auctoritas
910 782 944 842 in
980 780 1032 843 his
1076 782 1284 862 regionibus

214 880 325 961 magni
349 881 541 955 habebatur,
575 881 687 944 mittit.
735 876 849 942 ⁵Huic
882 879 1031 965 imperat,
1057 899 1139 960 quas
1163 882 1283 960 possit

213 979 309 1040 adeat
335 978 509 1055 civitates,
533 979 752 1060 horteturque
776 986 812 1039 ut
846 976 960 1058 populi
994 977 1139 1039 Romani
1171 978 1283 1040 fidem

214 1085 403 1157 sequantur,
423 1096 524 1157 seque
542 1076 695 1139 celeriter
711 1096 750 1137 eo
768 1085 945 1137 venturum
963 1074 1106 1139 nuntiet.
1146 1072 1286 1137 6Volu-

213 1192 323 1246 senuS,
362 1173 548 1254 perspectis
594 1172 788 1255 regionibus
833 1173 1000 1245 omnibus,
1032 1182 1195 1253 quantum
1247 1175 1286 1235 ei

172 1293 202 1328 10
212 1268 382 1333 facultatis
415 1271 485 1333 dari
520 1271 638 1353 potuit,
664 1272 720 1353 qui
752 1270 828 1334 navi
851 1270 965 1351 egredi
989 1290 1026 1332 ac
1058 1291 1094 1332 se
1122 1271 1285 1334 barbaris

213 1368 422 1431 committere
462 1387 528 1430 non
568 1369 715 1443 auderet,
752 1368 869 1450 quinto
907 1368 960 1430 die
1005 1368 1045 1430 ad
1093 1366 1285 1431 Caesarem

131 1488 134 1492 ·
159 1505 181 1522 -.
193 1530 202 1538 ⁵
214 1465 399 1540 revertitur,
417 1486 567 1548 quaeque
584 1466 630 1528 ibi
645 1466 870 1548 perspexisset
887 1465 1065 1527 renuntiat.

255 1579 306 1627 22.
332 1562 423 1625 Dum
462 1563 496 1626 in
528 1564 581 1628 his
612 1563 695 1627 locis
727 1562 851 1626 Caesar
883 1562 1016 1625 navium
1050 1560 1285 1642 parandarum

213 1679 313 1723 causa
343 1671 500 1736 moratur,
532 1682 573 1724 ex
602 1680 726 1743 magna
756 1672 851 1741 parte
882 1659 1089 1722 Morinorum
1122 1661 1162 1722 ad
1196 1682 1286 1749 eum

173 1779 201 1831 15
214 1757 316 1839 legati
333 1770 506 1834 venerunt,
524 1759 580 1840 qui
605 1778 643 1822 se
671 1760 711 1821 de
740 1757 917 1839 superioris
945 1758 1107 1837 temporis
1133 1750 1287 1822 consilio

215 1867 422 1930 excusarent,
441 1858 529 1939 quod
548 1857 701 1919 homines
726 1855 856 1918 barbari
880 1864 921 1916 et‘
937 1864 1073 1917 nostrae
1097 1867 1288 1919 consuetu-

214 1954 301 2016 dinis
324 1954 470 2034 imperiti
493 1954 617 2017 bellum
641 1954 763 2034 populo
789 1953 942 2015 Romano
971 1948 1143 2028 fecissent,
1168 1973 1286 2035 seque

213 2072 262 2127 ea,
301 2072 385 2133 quae
424 2052 631 2132 imperasset,
670 2048 817 2113 facturos
856 2048 1103 2130 pollicerentur.
1171 2047 1285 2115 2Hoc

214 2150 277 2213 sibi
302 2148 426 2213 Caesar
457 2150 539 2212 satis
563 2159 749 2230 opportune
773 2147 934 2211 accidisse
968 2147 1158 2222 arbitratus,
1185 2152 1284 2229 quod

171 2266 324 2329 zoneque
355 2256 430 2329 post
462 2256 592 2329 tergum
624 2247 756 2308 hostem
786 2246 972 2326 relinquere
996 2244 1139 2319 volebat,
1165 2264 1285 2326 neque
1316 2316 1327 2321 ,

214 2345 292 2407 belli
316 2344 455 2428 gerendi
480 2353 615 2426 propter
637 2343 717 2406 anni
742 2352 874 2424 tempus
897 2340 1092 2405 facultatem
1118 2342 1284 2418 babebat,

215 2462 323 2524 neque
354 2444 414 2505 has
446 2442 650 2505 tantularum
675 2459 784 2504 rerum
813 2440 1050 2521 occupationes
1077 2439 1286 2506 Britanniae

214 2540 466 2621 anteponendas
497 2538 677 2620 judicabat,
714 2558 871 2619 magnum
906 2536 946 2598 iis
980 2556 1156 2609 numerum
1190 2539 1288 2601 obsi-

214 2638 292 2699 dum
318 2637 467 2718 imperat.
517 2635 649 2717 Quibus
673 2635 836 2709 adductis
854 2654 911 2696 eos
936 2634 970 2695 in
1002 2634 1102 2696 fidem
1135 2637 1283 2716 recepit.

171 2757 200 2809 ²5
213 2730 226 2772 ³
239 2734 390 2796 Navibus
407 2732 540 2796 circiter
556 2750 651 2793 Lxxx
664 2726 835 2795 “onerariis
862 2731 986 2794 coactis
1014 2731 1284 2814 contractisque,

213 2841 293 2913 quot
311 2831 394 2893 satis
418 2850 494 2894 esse
517 2830 559 2892 ad
583 2830 665 2891 duas
690 2828 965 2909 transportandas
989 2827 1141 2909 legiones
1165 2831 1286 2893 existi-

213 2928 334 3003 mabat,
374 2928 462 3010 quod
507 2937 679 3007 praeterea
725 2926 858 2989 navium
902 2924 1075 3005 longarum
1118 2927 1284 3003 habebat,

214 3025 392 3108 quaestori,
430 3024 550 3105 legatis
586 3021 834 3105 praefectisque
868 3022 1047 3087 distribuit.
1090 3020 1200 3091 ,4an
1229 3047 1287 3089 ac-

214 3123 377 3185 cedebant
414 3140 501 3183 xvnr
537 3120 708 3184 onerariae
744 3140 855 3194 naves
881 3140 965 3202 quae
998 3140 1040 3182 ex
1069 3140 1109 3183 eo
1136 3122 1211 3183 loco
1236 3126 1285 3187 ab

171 3241 202 3290 30
214 3220 347 3281 milibus
379 3239 536 3299 passuum
561 3237 625 3279 vni
650 3224 753 3280 vento
778 3218 989 3292 tenebantur,
1015 3237 1079 3299 quo
1104 3218 1219 3281 minus
1245 3222 1282 3282 in

213 3318 357 3379 eundem
388 3326 521 3397 portum
544 3316 659 3378 venire
688 3324 850 3395 possent:
888 3315 947 3378 has
972 3315 1142 3397 equitibus
1166 3316 1287 3379 distri-

213 3414 293 3476 buit.
352 3413 530 3495 Reliquum
566 3413 747 3475 exercitum
778 3411 817 3492 Q.
849 3412 979 3474 Titurio
1016 3412 1143 3475 Sabino
1167 3420 1205 3474 et
1240 3416 1283 3479 L.

214 3509 444 3573 Aurunculeio
470 3509 590 3571 Cottae
614 3510 733 3589 legatis
759 3510 792 3569 in
820 3509 1004 3589 Menapios,
1030 3518 1130 3590 atque
1154 3509 1189 3571 in
1221 3533 1286 3577 eos

214 3627 318 3688 pagos
340 3607 547 3668 Morinorum
578 3608 619 3668 ab
641 3607 761 3687 quibus
789 3608 829 3667 ad
854 3626 929 3668 eum
958 3607 1060 3687 legati
1085 3626 1153 3669 non
1177 3628 1287 3674 vene-

172 3726 200 3777 35
214 3714 298 3778 rant,
331 3704 520 3766 ducendum
546 3703 658 3778 dedit;
695 3704 726 3765 P.
755 3702 936 3784 Sulpicium
963 3700 1087 3765 Rufum
1115 3705 1285 3787 legatum,

215 3822 289 3863 cum
314 3821 353 3864 eo
378 3800 541 3882 praesidio
565 3801 652 3881 quod
679 3800 759 3863 satis
783 3820 857 3863 esse
881 3801 1113 3875 arbitrabatur,
1141 3816 1284 3885 portum

217 3909 331 3960 tenere
348 3899 455 3977 jussit.
