2667 4159
70 195 103 249 B.
116 196 151 248 G.
168 195 235 249 Vll.
255 198 305 263 ra]
354 196 633 263 Coesaradvances
649 209 680 263 to
695 199 885 265 Avaricum.
1063 218 1122 284 147

70 394 234 470 nuntiata,
259 393 381 457 Caesar
403 394 558 476 legiones,
575 416 657 478 quas
682 396 851 475 expeditas
875 416 948 459 esse
969 396 1121 479 jusserat,

70 496 175 577 portis
197 494 354 570 incensis
373 483 562 559 intromittit
579 509 679 579 atque
695 497 815 578 oppido
838 497 971 578 potitur,
990 518 1124 580 perpau-

69 600 116 659 cis
132 618 174 659 ex
191 597 337 659 hostiurn
355 618 491 660 numero
507 597 701 661 desideratis
719 598 797 679 quin
815 598 926 660 cuncti
944 598 1010 661 vivi
1028 621 1123 683 cape·

69 710 193 772 rentur,
207 700 295 781 quod
309 699 418 780 pontis
432 712 530 783 atque
543 699 698 761 itinerum
712 699 886 779 angustiae
901 702 1122 765 multitudinis

68 798 183 881 lugam
201 801 464 864 intercluserunt.
509 798 700 882 ⁶Oppidum
718 801 831 882 diripit
852 813 950 884 atque
967 803 1123 875 incendit,
1145 829 1157 879 5

70 903 226 983 praedam
252 903 410 966 militibus
435 905 555 977 donat;
583 903 763 965 exercitum
790 902 943 984 Ligerem
972 903 1123 973 traducit.

70 1014 171 1086 atque
187 1004 221 1065 in
241 1003 425 1085 Biturigum
442 1005 526 1066 lines
544 1004 704 1085 pervenit.

116 1122 165 1169 12.
191 1104 455 1186 Vercingetorix,
475 1106 530 1167 ubi
553 1106 595 1167 cle
617 1104 769 1168 Caesaris
793 1106 935 1168 adventu
960 1104 1123 1187 cognovit,

69 1206 320 1287 oppugnatione
335 1206 463 1269 destitit
479 1217 578 1288 atque
595 1206 722 1267 obviam
742 1205 877 1269 Caesari
895 1205 1124 1287 proficiscitur.

72 1305 129 1373 llle
157 1307 317 1387 oppidum
351 1306 535 1388 Biturigum
568 1306 712 1387 positum
742 1306 774 1368 in
803 1306 856 1368 via
889 1306 1123 1369 Noviodunum
1145 1328 1173 1365 10

70 1426 265 1487 oppugnare
289 1404 486 1470 instituerat.
531 1403 631 1488 ²Qu0
654 1427 695 1469 ex
719 1406 839 1487 oppido
861 1426 934 1469 curn
961 1406 1060 1487 legati
1084 1405 1124 1467 ad

69 1528 142 1570 eum
168 1507 350 1582 venissent,
370 1519 495 1569 oratum
522 1518 557 1569 ut
581 1507 641 1569 sibi
666 1508 851 1588 ignosceret
876 1527 1020 1589 suaeque
1039 1508 1125 1568 vitae

69 1606 269 1681 consuleret,
284 1616 320 1669 ut
335 1606 502 1669 celeritate
517 1606 660 1689 reliquas
677 1628 729 1669 res
748 1606 928 1669 conficeret
945 1627 1009 1689 qua
1025 1606 1126 1687 plera·

69 1730 132 1789 que
145 1717 219 1771 erat
232 1716 439 1783 consecutus,
453 1729 544 1770 arma
555 1706 707 1781 conferri,
721 1728 822 1790 equos
837 1706 980 1789 produci,
994 1706 1125 1769 obsides

70 1809 148 1881 dari,
173 1808 278 1890 jubet.
323 1806 442 1871 ³Parte
468 1808 534 1891 jam
562 1808 713 1871 obsidum
744 1808 872 1881 tradita,
899 1828 972 1869 curn
1003 1806 1126 1889 reliqua
1146 1828 1175 1881 15

69 1909 391 1984 administrarentur,
415 1908 663 1971 centurionibus
690 1920 722 1971 et
752 1909 864 1989 paucis
892 1907 1051 1970 militibus
1079 1907 1126 1968 in·

71 2008 235 2071 tromissis
259 2007 315 2090 qui
338 2029 429 2070 arma
450 2010 666 2090 jumentaque
689 2008 932 2090 conquirerent,
957 2007 1126 2089 equitatus

71 2108 219 2171 hostium
250 2107 363 2189 procul
394 2108 484 2171 visus
515 2120 574 2182 est,
602 2108 658 2190 qui
690 2128 807 2189 agmen
841 2107 1126 2189 Vercingetorigis

72 2218 309 2271 antecesserat.
353 2204 485 2291 4Quem
513 2208 611 2271 simul
639 2220 738 2290 atque
766 2208 920 2289 oppidani
949 2228 1127 2288 conspexe-

72 2319 149 2371 runt
177 2320 278 2389 atque
304 2308 337 2368 in
367 2328 459 2389 spem
487 2309 597 2369 anxilii
625 2319 794 2382 venerunt,
821 2308 961 2370 clamore
987 2308 1126 2382 sublat0,
1147 2328 1177 2366 20

72 2430 164 2471 arma
187 2427 314 2487 capere,
338 2420 449 2489 portas
478 2409 636 2482 claudere,
662 2428 792 2472 murum
821 2407 985 2488 complere
1012 2428 1127 2488 coepe·

72 2520 160 2572 runt.
219 2504 464 2570 ⁵Centuriones
494 2509 527 2569 in
557 2508 686 2589 oppido,
715 2529 788 2570 cum
819 2528 858 2569 ex
886 2507 1127 2589 significatione

73 2609 244 2671 Gallorum
262 2610 338 2671 novi
354 2609 476 2691 aliquid
496 2609 537 2669 ab
553 2609 604 2670 bis
629 2608 703 2669 iniri
725 2608 851 2670 consilii
877 2607 1125 2683 intellexissent,

72 2709 190 2791 gladiis
219 2708 396 2782 destrictis
424 2720 536 2789 portas
564 2717 810 2789 occupaverunt
842 2728 984 2790 suosque
1012 2728 1127 2772 omnes

72 2809 258 2872 incolumes
275 2818 476 2889 receperunt.
1148 2826 1178 2881 ²5

120 2927 168 2989 13.
195 2908 318 2971 Caesar
333 2930 373 2971 ex
389 2908 505 2970 castris
522 2909 704 2990 equitatum
723 2907 818 2970 educi
835 2906 937 2989 jubet,
956 2908 1128 2990 proelium-

73 3032 136 3093 que
150 3019 307 3091 equestre
319 3008 514 3070 committit:
538 3008 763 3071 laborantibus
779 3006 846 3089 ]'am
861 3008 928 3070 suis
946 3008 1128 3071 Germanos

74 3110 204 3192 equites
232 3108 363 3170 circiter
390 3126 472 3170 cccc
500 3106 675 3181 submittit,
704 3129 786 3189 quos
815 3109 855 3170 ab
883 3108 977 3171 initio
1008 3108 1128 3171 habere

74 3230 189 3272 secum
221 3208 419 3271 instituerat.
473 3204 620 3270 ²Eorum
656 3208 815 3290 impetum
849 3208 934 3271 Galli
965 3208 1128 3271 sustinere

76 3332 142 3373 non
165 3319 355 3391 potuerunt,
372 3319 471 3391 atque
494 3309 528 3371 in
551 3308 662 3391 fugam
686 3309 838 3391 conjecti,
856 3308 967 3371 multis
990 3309 1128 3382 amissis
1149 3328 1179 3378 30

77 3432 110 3473 se
133 3412 176 3473 ad
201 3430 321 3490 agmen
346 3422 559 3491 receperunt;
583 3414 702 3495 quibus
727 3410 918 3494 profligatis,
936 3430 1049 3472 rursus
1073 3429 1129 3491 op-

4 3497 5 3524 *
77 3512 187 3592 pidani
204 3512 371 3593 perterriti
385 3514 639 3594 comprehensos
652 3535 719 3589 eos,
734 3534 872 3596 quorum
886 3532 985 3593 opera
1000 3511 1127 3591 plebem

4 3613 5 3616 ’
77 3615 276 3676 concitatam
295 3615 537 3688 existimabant,
554 3616 594 3677 ad
614 3616 788 3678 Caesarem
807 3616 1031 3696 perduxerunt
1049 3631 1130 3673 sese-

4 3789 5 3798 *
77 3738 138 3797 que
155 3715 186 3778 ei
211 3715 418 3781 dediderunt.
464 3715 616 3797 3Quibus
642 3716 740 3777 rebus
762 3714 930 3788 confectis
949 3716 1073 3778 Caesar
1089 3712 1128 3773 ad

4 3805 5 3810 ἵ
78 3816 236 3898 oppidum
258 3816 445 3885 Avaricum,
463 3817 549 3897 quorl
571 3829 640 3877 erat
660 3815 836 3877 niaximum
859 3815 1128 3876 munitissimum·
1149 3824 1177 3881 35

79 3938 140 4004 que
159 3918 192 3985 in
211 3916 333 3986 finibus
347 3916 541 4008 ¹Biturigum
560 3927 658 4009 atque
675 3915 743 4008 agri
767 3912 969 3986 fertilissima
985 3914 1128 4003 regione,
