2667 4159
237 134 349 213 138,
470 133 501 195 T
495 133 535 195 lte
552 133 714 197 Germans
729 156 850 197 recross
866 135 919 199 tlte
933 135 1049 199 Rlzine.
1164 134 1285 205 [Cnsnn

231 347 331 391 nemo
373 338 423 392 est
460 336 527 389 tam
562 326 657 391 sortis
692 328 771 412 quin
803 328 851 393 rei
886 329 1032 395 novitate
1066 333 1284 413 perturbetur.

229 424 242 464 ³
253 427 396 502 Barbari,
408 428 504 508 signa
513 429 625 509 procul
639 430 830 510 conspicati,
842 432 1091 512 oppugnatione
1101 432 1286 498 desistunt:

231 528 355 590 redisse
374 528 481 609 primo
501 528 648 609 legiones
668 531 818 605 credunt,
836 551 918 613 quas
943 530 1075 611 longius
1092 533 1286 599 discessisse

229 647 270 689 ex
293 628 431 709 captivis
455 640 698 710 cognoverant:
723 642 848 711 postea,
869 631 1027 711 despecta
1051 635 1231 712 paucitate,
1251 657 1287 699 ex

196 746 210 799 5
229 728 382 790 omnibus
398 728 547 810 partibus
566 731 725 809 impetum
743 727 877 793 faciunt.

271 845 324 906 40.
352 827 493 890 Calones
507 828 540 889 in
557 828 741 909 proximum
758 829 918 891 tumulum
939 844 1146 911 procurrunt.
1199 824 1286 899 Hinc

228 928 378 990 celeriter
393 927 513 1009 dejecti
535 949 571 991 se
590 928 622 989 in
644 928 741 1009 signa
762 929 1015 1015 manipulosque
1034 933 1229 999 coniciunt:
1252 956 1286 998 eo

228 1029 334 1110 magis
358 1028 491 1091 timidos
514 1039 699 1109 perterrent
718 1030 847 1093 milites
895 1027 997 1106 ²Alii,
1014 1054 1120 1097 cuneo
1136 1032 1238 1110 facto,
1255 1047 1286 1099 ut

227 1130 377 1191 celeriter
401 1139 616 1210 perrumpant
640 1140 787 1203 censent,
816 1131 969 1212 quoniam
1003 1144 1068 1196 tarn
1101 1136 1288 1219 propinqua

179 1260 208 1295 10
227 1230 293 1293 sint
318 1240 444 1305 castra;
472 1237 505 1293 et
529 1230 556 1291 si
582 1248 658 1311 pars
682 1230 792 1311 aliqua
819 1232 1044 1296 circumventa
1068 1236 1240 1312 ceciderit,
1256 1249 1285 1300 at

227 1329 370 1412 reliquos
387 1329 510 1392 servari
534 1350 632 1410 posse
649 1330 821 1393 confidunt
835 1353 842 1409 ;
868 1333 923 1394 alii
947 1344 982 1395 ut
1007 1334 1038 1395 in
1063 1334 1145 1416 jugo
1162 1338 1286 1401 consis-

226 1441 298 1493 tant
321 1441 419 1512 atque
435 1431 575 1492 eundem
597 1450 713 1493 omnes
736 1429 842 1495 serant
866 1453 990 1499 casum.
1036 1431 1139 1499 3Ηοο
1156 1448 1284 1501 veteres

227 1553 291 1595 non
316 1532 456 1613 probant
480 1530 612 1606 militeS,
630 1552 713 1614 quos
737 1533 797 1596 sub
816 1533 935 1597 vexillo
956 1555 1021 1597 una
1044 1534 1217 1617 proiectos
1235 1540 1284 1600 do·

226 1632 365 1694 enimus,
414 1632 529 1713 ltaque
558 1632 644 1695 inter
669 1653 706 1697 se
732 1634 905 1708 cohortati,
930 1635 1015 1697 duce
1044 1636 1079 1699 C.
1105 1636 1283 1712 Trebonio,

177 1761 205 1813 15
225 1732 336 1813 equite
367 1733 529 1807 Romano,
557 1732 613 1814 qui
644 1734 693 1797 eis
725 1746 795 1797 erat
828 1735 1043 1817 praepositus
1069 1757 1127 1817 per
1157 1740 1283 1802 medios

225 1836 338 1897 hostes
370 1846 596 1917 perrumpunt,
625 1835 874 1917 incolumesque
902 1836 943 1897 ad
975 1856 1074 1898 unum
1104 1858 1225 1901 omnes
1253 1840 1281 1899 in

224 1946 333 1998 castra
357 1936 564 2017 perveniunt.
612 1932 710 1998 4Hos
736 1936 905 1999 subsecuti
930 1935 1061 1999 calones
1086 1938 1282 2021 equitesque

223 2039 339 2103 eodem
364 2038 489 2119 impetu
515 2037 655 2099 militum
677 2035 798 2099 virtute
818 2046 1000 2101 servantur.
1047 2037 1096 2099 At
1121 2037 1143 2099 ii
1167 2039 1227 2121 qui
1251 2039 1279 2099 in
1323 2030 1324 2050 ¹

222 2140 301 2223 jugo
333 2140 560 2214 constiterant,
589 2138 679 2201 nullo
711 2138 808 2200 etiam
841 2158 928 2199 nunc
961 2159 1020 2199 usu
1053 2137 1099 2199 rei
1131 2138 1279 2201 militaris

175 2265 206 2299 κο
223 2251 389 2321 perceptu,
407 2261 513 2322 neque
535 2240 567 2301 in
586 2238 730 2321 eoquod
754 2238 973 2319 probaverant
990 2237 1129 2300 consilio
1154 2260 1280 2320 perma-

224 2362 311 2415 nere,
328 2353 364 2403 ut
384 2362 419 2403 se
443 2340 514 2403 loco
531 2340 701 2421 superiore
719 2336 945 2412 defenderent,
964 2357 1071 2419 neque
1092 2358 1164 2401 earn
1184 2360 1279 2421 quam

223 2444 381 2523 prodesse
397 2442 469 2505 aliis
486 2442 551 2503 vim
570 2441 840 2521 celeritatemque
857 2438 1008 2501 viderant
1029 2438 1149 2499 imitari
1167 2455 1279 2519 potue·

225 2553 322 2619 runt;
346 2542 403 2605 sed
420 2563 457 2605 se
476 2542 509 2603 in
527 2553 635 2603 castra
651 2541 798 2622 recipere
815 2539 933 2615 conati,
952 2538 1102 2621 iniquum
1119 2538 1154 2601 in
1171 2540 1276 2601 locum

224 2642 435 2705 demiserunt.
480 2638 734 2715 ⁵Centuriones
753 2659 891 2722 qnorum
909 2639 1058 2701 nonnulli
1082 2659 1122 2701 ex
1146 2636 1278 2703 inferio·
1320 2680 1321 2738 q

175 2764 205 2817 ²5
225 2742 314 2804 ribus
327 2742 496 2806 ordinibus
512 2742 710 2824 reliquarum
727 2739 893 2822 legionum
909 2738 1041 2800 virtutis
1057 2758 1158 2801 causa
1175 2739 1211 2801 in
1228 2761 1277 2801 su-

225 2842 369 2923 periores
393 2855 487 2907 erant
509 2844 642 2907 ordines
671 2841 769 2923 hujus
794 2839 934 2921 legionis
959 2837 1110 2913 traducti,
1135 2860 1179 2902 ne
1204 2854 1277 2903 ante
1319 2858 1320 2885 ³

225 2954 351 3024 partam
376 2943 423 3005 rei
446 2943 595 3005 militaris
620 2941 750 3004 laudem
777 2940 975 3012 amitterent,
993 2935 1173 3001 fortissime
1199 2961 1276 3021 pug-
1319 2888 1320 2966 l

225 3056 342 3106 nantes
359 3043 584 3106 conciderunt.
630 3038 800 3104 ⁶Mititum
823 3060 908 3120 pam,
927 3040 1043 3101 horum
1060 3038 1184 3102 virtute
1206 3041 1277 3101 sub·
1318 3088 1319 3091 ,

224 3145 323 3207 motis
335 3143 494 3216 hostibus,
506 3153 635 3224 praeter
647 3162 741 3223 spem
756 3140 928 3203 incolumis
942 3139 975 3201 in
990 3148 1098 3201 castra
1110 3140 1275 3221 pervenit;

174 3271 205 3319 3³
224 3266 299 3326 pars
317 3267 335 3308 a
351 3245 499 3308 barbaris
515 3244 741 3307 circumventa
757 3240 862 3321 periit.
1317 3244 1318 3275 ;

266 3365 318 3424 41.
344 3344 509 3419 Germani,
526 3345 700 3424 desperata
718 3339 963 3422 expugnatione
979 3350 1172 3413 castrorum,
1191 3340 1275 3426 quod

224 3458 355 3508 nostros
381 3446 448 3527 jam
473 3444 662 3507 constitisse
688 3442 721 3503 in
746 3439 987 3501 munitionibus
1011 3440 1178 3513 videbant,
1205 3461 1275 3503 curn

224 3566 262 3607 ea
289 3547 410 3627 praeda
436 3565 532 3627 quam
561 3544 594 3604 in
622 3541 714 3603 silvis
741 3542 962 3620 deposuerant
995 3551 1085 3602 trans
1119 3540 1275 3604 Rhenum

225 3666 298 3707 sese
315 3654 519 3726 receperunt.
564 3639 640 3704 ²Ac
660 3651 772 3703 tantus
789 3637 851 3702 fuit
875 3639 974 3701 etiam
1000 3652 1074 3719 post
1092 3640 1274 3705 discessum

176 3756 206 3807 35
225 3746 369 3807 bostium
394 3757 506 3818 terror,
530 3754 565 3804 ut
594 3761 632 3804 ea
656 3754 763 3814 nocte,
787 3760 860 3801 cum
887 3739 922 3802 C.
942 3727 1132 3803 Volusenus
1158 3742 1275 3805 missus

225 3864 301 3907 cum
314 3845 460 3927 equitatu
477 3845 518 3905 ad
535 3854 644 3905 castra
655 3841 812 3913 venisset,
826 3840 923 3901 fidem
943 3861 1006 3902 non
1021 3838 1145 3904 iaceret
1163 3845 1275 3907 adesse
