2667 4159
69 234 106 286 B.
125 233 167 286 G.
181 233 253 285 Vll.
268 233 326 304 71·]
382 236 510 318 Appeul
521 239 562 319 os
576 238 820 322 Vercingetorix.
1072 259 1131 324 177

67 427 272 510 opportunis
297 427 376 491 locis
392 439 486 492 erant
509 431 625 512 posita,
642 433 752 515 ibique
769 434 902 498 castella
919 454 1005 498 xx111
1023 433 1111 502 iacta
1120 459 1128 514 ;

66 531 195 612 quibus
213 529 247 591 in
265 530 410 592 castellis
430 530 571 593 interdiu
588 533 749 596 stationes
774 536 987 616 ponebantur,
1006 558 1129 621 nequa

65 630 185 693 subito
208 630 340 712 eruptio
367 629 478 694 fieret:
505 633 586 695 haec
610 635 724 696 eadem
754 646 853 699 noctu
882 637 1127 704 excubitoribus

63 752 104 793 ac
130 731 240 793 firmis
265 730 434 811 praesidiis
459 733 663 797 tenebantur.

110 848 168 911 70.
195 830 308 912 Opere
331 831 493 906 instituto,
511 833 548 894 fit
569 845 721 916 equestre
738 835 896 917 proelium
917 837 948 900 in
966 859 1005 903 ea
1022 840 1127 926 plani·
1146 865 1160 918 5

63 932 120 1004 tie,
147 952 261 1015 quam,
289 931 508 996 intermissam
535 934 683 1008 collibus,
706 937 769 999 tria
796 936 884 1000 milia
910 959 1068 1021 passuum
1092 943 1123 1006 in

62 1035 313 1116 longitudinem
330 1046 443 1116 patere
459 1057 557 1118 supra
577 1037 889 1104 demonstravimus.
940 1042 1079 1107 Summa
1093 1046 1124 1107 vi

61 1137 105 1197 ab
134 1137 289 1218 utrisque
314 1135 533 1200 contenditur.
579 1134 847 1204 ²Laborantibus
865 1142 986 1204 nostris
1004 1143 1126 1208 Caesar

63 1236 257 1298 Germanos
282 1235 455 1308 submittit,
479 1233 692 1320 legionesque
717 1260 777 1320 pro
800 1242 919 1306 castris
943 1244 1124 1320 constituit,

59 1357 104 1398 ne
121 1356 194 1419 qua
209 1335 321 1398 subito
342 1336 479 1418 irruptio
494 1337 537 1400 ab
559 1339 705 1402 hostium
730 1341 878 1422 peditatu
896 1344 962 1406 fiat.
1007 1342 1124 1408 8Prae·
1146 1377 1173 1412 ιο

59 1437 152 1499 sidio
177 1436 346 1518 legionum
371 1437 493 1513 addito,
517 1440 640 1502 nostris
664 1440 795 1505 animus
819 1455 976 1524 augetur:
1000 1445 1122 1520 hostes,

57 1537 93 1599 in
119 1536 238 1618 sugam
261 1535 412 1618 conjecti,
430 1557 466 1600 se
489 1538 552 1619 ipsi
576 1541 789 1605 multitudine
813 1543 1007 1625 impediunt,
1024 1557 1123 1629 atque
1164 1609 1184 1618 ,

58 1636 319 1720 angustioribus
353 1637 457 1718 portis
496 1638 619 1702 relictis
657 1655 902 1708 coacervantur.
964 1644 1122 1708 Germani

56 1739 174 1801 acrius
208 1758 312 1820 usque
342 1739 383 1800 ad
418 1739 619 1804 munitiones
650 1755 842 1826 sequuntur.
887 1743 968 1808 4Fit
1003 1767 1123 1828 magna

57 1840 205 1901 caedes:
243 1838 401 1914 nonnulli,
438 1837 560 1902 relictis
597 1842 700 1924 equis,
741 1843 862 1908 fossam
900 1846 1049 1920 transire,
1089 1857 1121 1909 et
1143 1877 1171 1928 15

56 1939 246 2002 maceriam
286 1939 520 2002 transcendere
558 1955 730 2006 conantur.
796 1946 933 2008 Paulum
972 1946 1120 2027 legiones

57 2040 200 2115 Caesar,
229 2059 310 2122 quas
342 2059 400 2120 pro
431 2040 516 2103 vallo
546 2046 775 2121 constituerat,
803 2046 987 2127 promoveri
1015 2049 1119 2131 jubet.

55 2138 164 2203 ⁵Non
193 2141 304 2202 minus
333 2140 388 2222 qui
419 2140 507 2204 intra
533 2143 734 2207 munitiones
762 2157 855 2209 erant
887 2147 1122 2227 perturbantur

58 2240 168 2304 Galli:
198 2240 304 2303 veniri
321 2241 361 2303 ad
381 2261 418 2304 se
434 2239 607 2305 confestim
626 2245 861 2320 existimantes,
879 2248 918 2309 ad
937 2267 1028 2311 arma
1044 2269 1121 2310 con-

57 2344 231 2417 clamant;
270 2341 420 2404 nonnulli
457 2344 622 2424 perterriti
657 2346 691 2406 in
727 2347 884 2426 oppidum
922 2347 1118 2429 irrumpunt.
1140 2379 1169 2414 20

56 2444 320 2525 Vercingetorix
344 2442 439 2525 jubet
462 2456 574 2526 portas
602 2445 720 2517 claudi,
745 2468 786 2509 ne
810 2458 919 2510 castra
943 2449 1117 2513 nudentur.

57 2544 181 2608 Multis
213 2541 405 2619 interiectis,
433 2545 657 2625 compluribus
689 2547 783 2628 equis
815 2548 928 2628 captis,
962 2547 1118 2612 Germani

56 2667 136 2709 sese
153 2645 327 2726 recipiunt.

103 2762 156 2826 71.
181 2745 446 2828 Vercingetorix,
466 2747 656 2830 priusquam
677 2747 877 2811 munitiones
896 2749 937 2811 ab
958 2749 1118 2812 Romanis

57 2847 287 2927 perficiantur,
314 2848 489 2910 consillum
517 2850 614 2929 capit,
643 2868 774 2910 omnem
803 2849 844 2911 ab
872 2869 907 2912 se
935 2849 1116 2931 equitatum
1138 2877 1166 2922 ες

58 2959 161 3011 noctu
182 2947 362 3011 dimittere.
408 2945 688 3012 ²Discedentibus
707 2950 849 3023 mandat,
867 2960 902 3012 ut
922 2970 1013 3012 suam
1030 2951 1118 3033 qnis-

58 3072 123 3132 que
148 3071 263 3114 eorum
288 3051 456 3114 civitatem
481 3054 587 3126 adeat,
608 3071 788 3134 omnesque
814 3050 869 3132 qui
895 3071 952 3131 per
974 3061 1114 3114 aetatem

58 3171 152 3212 arma
179 3149 264 3214 serre
293 3152 421 3232 possint
449 3154 489 3215 ad
521 3152 641 3215 bellum
671 3163 800 3234 cogant.
856 3147 952 3213 3Sua
979 3150 1012 3213 in
1044 3151 1115 3214 illos

58 3252 179 3314 merita
196 3252 348 3333 proponit
363 3274 369 3327 ;
393 3253 653 3336 obtestaturque,
671 3263 707 3317 ut
729 3274 808 3316 suae
825 3250 938 3314 salutis
955 3251 1113 3315 rationem

59 3351 214 3423 habeant,
233 3374 296 3415 neu
319 3374 364 3425 se,
381 3353 505 3433 optime
524 3354 565 3416 de
589 3355 756 3417 communi
780 3353 932 3416 libertate
952 3353 1114 3427 meritum,
1135 3379 1164 3428 3⁰

58 3452 92 3513 in
115 3454 299 3516 cruciatum
325 3453 475 3515 hostibus
498 3455 629 3519 dedant.
678 3455 774 3536 Quod
801 3455 826 3516 si
852 3453 1115 3534 indiligentiores

58 3549 194 3626 fuerint,
211 3553 301 3615 milia
325 3553 494 3616 bominum
515 3556 642 3618 delecta
665 3574 760 3617 Lxxx
778 3576 842 3617 una
866 3576 974 3617 secum
1002 3554 1114 3617 interi·

60 3664 134 3715 tura
168 3655 385 3717 demonstrat.
445 3651 611 3718 4Ratione
642 3656 732 3731 inita,
765 3677 801 3719 se
835 3657 951 3736 exigue
989 3655 1113 3718 dierum

59 3755 199 3835 triginta
231 3753 354 3816 habere
384 3751 596 3828 frumentum,
628 3758 685 3818 sed
720 3757 815 3838 paulo
846 3757 946 3819 etiam
984 3756 1113 3835 longius

60 3855 200 3916 tolerare
235 3874 334 3933 posse
368 3856 540 3934 parcendo.
600 3852 689 3917 ⁵His
723 3856 807 3916 datis
843 3855 1015 3924 mandatis,
1049 3873 1161 3931 qua35

59 3974 142 4036 opus
168 3962 239 4017 erat
266 3951 501 4027 intermissum,
526 3955 672 4015 secunda
694 3954 806 4034 vigilia
833 3951 963 4012 silentio
987 3949 1107 4027 equita-

582 4074 609 4107 12
