2667 4159
342 48 354 111 l

339 91 386 146 :x-

87 203 118 254 B.
135 204 171 256 G.
189 202 258 256 VII.
276 201 335 274 56.]
490 205 732 269 Noviodunum.
1084 205 1144 288 169

84 403 244 478 duxisset,
269 414 306 465 ut
334 422 401 466 non
425 402 529 466 solum
557 403 589 464 in
619 403 794 484 pristinum
819 413 942 466 statum
967 403 1140 477 redissent,

9 527 11 596 f
84 504 140 566 sed
166 504 316 566 omnium
343 513 528 586 temporum
551 503 749 584 dignitatem
772 514 806 566 et
829 505 970 585 gratiam
991 517 1140 566 anteces-

9 621 10 680 ζ
83 604 168 667 sisse
180 606 388 669 viderentur.
437 604 501 667 His
519 604 605 668 datis
622 605 795 678 mandatis
812 624 869 667 eos
886 606 928 667 ab
944 625 980 668 se
995 604 1127 667 dimisit.

126 719 178 784 55.
207 705 442 768 Noviodunum
464 715 533 768 erat
557 703 712 784 oppidum
740 704 965 779 Haeduorum,
986 706 1028 767 ad
1052 704 1139 786 ripas

83 806 216 887 Ligeris
246 817 432 888 opportuno
460 807 530 869 loco
562 805 718 886 positum.
767 805 844 867 Huc
873 805 995 867 Caesar
1022 824 1172 876 omness

80 907 215 968 obsides
236 907 371 981 Galliae,
387 906 598 980 frumentum,
615 905 789 987 pecuniam
811 905 986 986 publicam,
1004 925 1137 967 suorum

9 991 11 996 X
80 1018 181 1088 atque
206 1007 372 1070 exercitus
396 1007 709 1088 impedimentorum
733 1025 888 1085 magnam
913 1016 1038 1085 partem
1061 1025 1139 1067 con-

9 1101 11 1104 ’
82 1107 225 1183 tulerat3
257 1107 322 1170 huc
350 1128 504 1188 magnum
535 1126 710 1168 numerum
738 1125 908 1186 equorum,
937 1106 1034 1189 hujus
1061 1104 1137 1168 belli

80 1226 181 1270 causa
215 1208 248 1269 in
287 1209 382 1270 ltalia
417 1220 515 1289 atque
554 1206 718 1287 Hispania
755 1209 956 1286 coemptum,
991 1191 1136 1270 miserat]

79 1303 152 1370 ²Eo
188 1328 264 1370 cum
306 1309 510 1390 Eporedorix
551 1307 846 1390 Viridomarusque
884 1307 1066 1381 venissent,
1105 1317 1137 1370 et
1160 1338 1187 1374 ιο

80 1408 119 1470 de
143 1418 235 1471 statu
262 1409 406 1472 civitatis
433 1407 677 1490 cognovissent,
711 1407 896 1470 Litavicum
924 1407 1070 1470 Bibracti
1095 1407 1137 1470 ab

9 1503 11 1530 l
83 1509 234 1572 Haeduis
252 1520 433 1590 receptum,
450 1510 537 1591 quod
558 1519 608 1570 est
624 1509 781 1589 oppidum
800 1508 885 1590 apud
903 1529 959 1570 eos
976 1508 1137 1570 maximae

9 1661 11 1668 ,
80 1609 296 1684 auctoritatis,
330 1609 618 1673 Convictolitavim
654 1610 884 1690 magistratum
917 1629 1137 1690 magnamque

81 1721 208 1790 partem
226 1720 363 1773 senatus
379 1710 419 1772 ad
440 1731 515 1772 eum
532 1709 737 1783 convenisse,
754 1709 880 1791 legatos
896 1710 937 1771 ad
957 1709 1137 1790 Vercinge-

80 1811 221 1892 torigem
240 1811 283 1873 de
302 1831 382 1892 pace
401 1821 434 1874 et
453 1809 598 1874 amicitia
617 1810 823 1873 concilianda
843 1811 974 1892 publice
995 1811 1114 1872 missos
1125 1832 1132 1886 ;
1158 1829 1187 1880 15

81 1932 144 1973 non
173 1912 505 1992 praetermittendum
533 1922 661 1974 tantum
690 1913 899 1974 commodum
929 1911 1136 1974 existimave-

80 2021 163 2075 runt.
212 2009 365 2094 3Itaque,
382 2010 564 2074 intersectis
586 2011 776 2074 Novioduni
797 2012 997 2085 custodibus
1014 2012 1136 2094 quique

80 2133 117 2175 eo
139 2113 335 2192 negotiandi
355 2132 453 2174 causa
472 2123 704 2187 convenerant,
721 2114 895 2194 pecuniam
916 2124 1014 2194 atque
1033 2133 1135 2194 equos

80 2212 165 2275 inter
182 2233 220 2274 se
236 2213 348 2294 partiti
366 2225 463 2289 sunt;
488 2213 620 2277 obsides
645 2214 817 2277 civitatum
841 2214 994 2276 Bibracte
1011 2213 1051 2275 ad
1069 2234 1137 2276 ma·

80 2312 258 2392 gistratum
283 2313 493 2375 deducendos
517 2327 734 2390 curaverunt,
763 2314 928 2395 oppidum,
946 2314 1032 2395 quod
1058 2333 1077 2375 a
1101 2334 1136 2376 se
1156 2334 1187 2368 20

80 2413 187 2475 teneri
211 2434 279 2475 non
301 2434 398 2494 posse
419 2413 620 2495 judicabant,
638 2436 681 2478 ne
702 2415 778 2497 quoi
803 2425 892 2478 esset
918 2415 991 2476 usui
1014 2416 1136 2477 Roma-

80 2513 140 2589 nis,
158 2513 400 2590 incenderunt,
423 2511 603 2578 ⁴frumenti
628 2517 716 2599 quod
742 2517 851 2578 subito
877 2525 1054 2597 potuerunt
1080 2536 1137 2576 na·

79 2615 176 2676 vibus
220 2624 410 2689 avexerunt,
453 2616 614 2698 reliquum
660 2617 796 2679 flumine
838 2628 937 2698 atque
983 2615 1136 2678 incendio

80 2725 318 2794 corruperunt;
343 2714 405 2796 ipsi
430 2736 469 2778 ex
492 2716 641 2778 finitimis
663 2716 853 2798 regionibus
878 2717 988 2797 copias
1007 2736 1135 2797 cogere,

80 2813 246 2894 praesidia
288 2815 522 2897 custodiasque
564 2819 604 2881 ad
648 2818 736 2900 ripas
778 2817 907 2898 Ligeris
951 2817 1135 2897 disponere,
1156 2846 1185 2898 25

80 2913 332 2996 equitatumque
366 2915 520 2979 omnibus
556 2917 636 2980 locis
678 2917 833 2979 iniciendi
867 2916 995 2979 timoris
1036 2937 1136 2979 causa

81 3025 247 3076 ostentare
279 3025 481 3096 coeperunt;
520 3018 547 3080 si
578 3019 619 3080 ab
650 3039 685 3080 re
715 3014 931 3080 frumentaria
966 3017 1135 3079 Romanos

82 3114 255 3177 excludere
284 3124 340 3176 aut
366 3116 526 3180 adductos
553 3118 664 3200 inopia
688 3118 722 3179 in
746 3117 950 3180 Provinciam
974 3117 1135 3197 expellere

83 3225 228 3294 possent.
274 3211 406 3296 5Quam
424 3218 465 3279 ad
490 3239 580 3300 spem
603 3218 741 3280 multum
762 3239 818 3280 eos
843 3217 1029 3299 adjuvabat,
1047 3218 1134 3300 quod

84 3314 182 3398 Liger
209 3337 250 3378 ex
276 3315 408 3378 nivibus
433 3328 587 3393 creverat,
612 3329 647 3381 ut
675 3319 810 3380 omnino
834 3320 918 3380 vado
942 3338 1007 3379 non
1036 3337 1135 3399 posse
1153 3304 1185 3396 3o

83 3416 213 3478 transiri
230 3416 405 3481 videretur.

127 3518 174 3595 56.
201 3517 334 3598 Quibus
363 3519 461 3581 rebus
489 3518 638 3600 cognitis
664 3518 788 3581 Caesar
816 3520 1046 3581 maturandum
1071 3517 1133 3581 sibi

85 3617 220 3691 censuit,
239 3619 267 3680 si
284 3631 371 3681 esset
396 3619 428 3680 in
446 3619 654 3700 perficiendis
678 3619 835 3701 pontibus
860 3620 1133 3700 periclitandum

86 3727 127 3790 ut,
143 3719 233 3800 prius
253 3739 351 3800 quam
369 3731 482 3781 essent
499 3722 639 3802 majores
657 3741 696 3782 eo
713 3730 844 3781 coactae
860 3720 982 3800 copiae,
1000 3720 1134 3782 dimica-

87 3829 138 3880 ret.
184 3817 297 3881 ‘³Nam
322 3840 363 3881 ne
390 3831 590 3882 commutato
615 3820 758 3882 consilio,
780 3818 842 3879 iter
870 3820 900 3880 in
928 3820 1130 3889 Provinciam
1152 3838 1181 3891 35

86 3929 298 3991 converteret,
324 3929 359 3980 ut
383 3940 479 3981 nemo
504 3939 569 3979 non
594 3929 661 3979 turn
688 3919 818 3998 quidem
845 3918 1029 3979 necessario
1052 3916 1131 3979 faci-
