2667 4159
40 203 79 255 B·
98 201 206 255 GtV·
225 201 292 272 44]
357 204 497 267 Furious
511 205 687 285 Attachas
696 205 747 267 tlte
764 204 877 271 Gauls.
953 226 959 241 ·
1073 223 1134 291 109

37 412 302 477 docebantur:
326 410 384 473 sed
409 410 497 473 nulla
520 407 791 473 ferramentorum
817 410 912 493 copia
935 432 1019 495 quae
1041 424 1131 477 esset

36 517 84 579 ad
123 516 233 578 hunc
263 531 363 575 usum
395 511 520 586 idonea,
548 511 666 592 gladiis
695 513 853 593 cespitem
884 512 1131 589 circumcidere,

37 617 222 680 manibus
242 613 437 695 sagulisque
457 622 578 675 terram
596 612 768 675 exhaurire
786 612 984 677 nitebantur.
1030 610 1131 697 ³Qua

37 720 197 801 quidem
218 737 264 780 ex
281 735 317 778 re
337 713 508 775 hominum
529 711 706 775 multitudo
723 713 879 795 cognosci
901 713 1027 794 potuit:
1053 735 1129 791 nam

36 822 168 883 minus
196 817 298 881 boris
321 814 427 879 tribus
444 814 570 875 milium
596 834 753 895 passuum
772 832 818 876 xv
842 813 874 876 in
899 814 1038 879 circuitu
1057 836 1127 879 mu·
1149 839 1164 895 5

37 922 231 984 nitionem
258 914 489 1000 perfecerunt;
514 913 715 997 reliquisque
732 914 847 978 diebus
870 926 976 979 turres
993 917 1034 979 ad
1058 916 1129 979 alti·

37 1023 216 1086 tudinem
244 1020 330 1094 valli,
354 1018 454 1081 falces
482 1015 742 1098 testudinesque,
771 1036 851 1098 quas
880 1016 978 1080 iidem
1006 1017 1128 1099 captivi

37 1125 263 1195 docuerant,
280 1140 394 1202 parare
410 1140 447 1182 ac
464 1115 573 1181 facere
591 1126 780 1197 coeperunt.

90 1241 148 1303 43.
182 1222 343 1303 Septimo
365 1218 622 1302 oppugnationis
642 1216 705 1292 die,
727 1216 868 1280 maximo
889 1226 1002 1281 codrto
1019 1228 1126 1293 ventu,

37 1323 240 1388 ferventes
264 1319 352 1384 fusili
379 1342 420 1385 ex
443 1321 556 1402 argilla
583 1320 721 1401 glandes
752 1315 864 1381 fundis
889 1329 922 1381 et
950 1317 1178 1387 fervefactam

35 1426 171 1508 jacula
208 1424 245 1485 in
278 1443 382 1497 casas,
413 1442 497 1505 quae
527 1442 619 1485 more
649 1420 776 1484 Gallico
809 1420 1000 1483 stramentis
1034 1433 1126 1485 erant

37 1538 180 1599 tectae,
211 1524 323 1605 jacere
350 1533 540 1605 coeperunt.
595 1520 695 1585 ²Hae
723 1520 873 1584 celeriter
901 1520 1011 1601 ignem
1041 1542 1126 1587 com·

37 1626 328 1709 prehenderunt,
355 1634 389 1687 et
416 1623 507 1687 venti
535 1624 763 1706 magnitudine
790 1623 824 1685 in
857 1642 988 1685 omnem
1015 1622 1125 1687 locum

38 1739 254 1791 castrorum
286 1724 494 1789 distulerunt.
558 1725 685 1788 Hostes
720 1724 861 1787 maximo
893 1723 1044 1797 clamore,
1078 1726 1124 1790 sic

39 1828 98 1891 uti
137 1836 245 1909 parta
272 1826 340 1908 jam
372 1835 470 1909 atque
501 1825 671 1907 explorata
700 1826 846 1900 victoria,
881 1835 985 1888 turres
1022 1836 1174 1905 testu-15

39 1931 232 2010 dinesque
262 1946 359 2008 agere
390 1937 423 1989 et
454 1926 552 1989 scalis
579 1925 700 1989 vallum
724 1927 904 1990 ascendere
932 1938 1121 2009 coeperunt.

38 2028 129 2091 3At
171 2038 271 2091 tanta
300 2026 439 2090 militum
469 2027 573 2090 virtus
603 2038 702 2111 atque
734 2049 772 2091 ea
803 2030 987 2109 praesentia
1024 2029 1124 2093 animi

42 2130 120 2193 fuit
160 2138 208 2202 ut,
233 2148 308 2190 cum
338 2128 484 2211 undique
510 2128 643 2191 flamma
675 2140 886 2204 torrerentur,
916 2132 1122 2216 maximaque

43 2232 209 2295 telorum
241 2227 453 2292 multitudine
486 2242 724 2310 premerentur,
757 2252 880 2314 suaque
915 2234 1026 2297 omnia
1061 2234 1120 2295 im·

44 2332 261 2415 pedimenta
293 2340 392 2412 atque
426 2350 542 2393 omnes
576 2328 725 2393 fortunas
760 2331 963 2415 conflagrare
999 2334 1123 2397 intelle·
1142 2356 1173 2393 20

44 2441 193 2514 gerent,
211 2450 279 2491 non
303 2430 400 2492 modo
423 2430 630 2511 demigrandi
654 2451 752 2495 causa
776 2434 817 2496 de
840 2434 924 2497 vallo
948 2435 1122 2497 decederet

44 2552 174 2607 nem0,
204 2530 264 2593 sed
291 2550 395 2612 paene
424 2551 465 2594 ne
493 2532 673 2613 respiceret
701 2534 833 2616 quidem
862 2536 1052 2618 quisquam;
1084 2554 1122 2598 ac

45 2647 132 2697 tum
167 2651 287 2695 omnes
318 2631 477 2695 acerrime
506 2629 751 2717 fortissimeque
782 2648 977 2717 pugnarent.
1032 2633 1122 2699 ⁴Hic

45 2736 132 2798 dies
165 2732 289 2796 nostris
320 2731 418 2814 longe
447 2732 663 2814 gravissimus
690 2733 773 2812 fuit;
805 2737 862 2799 sed
896 2748 1005 2800 tamen
1035 2737 1122 2799 hunc

46 2833 181 2897 habuit
210 2843 375 2906 eventum,
399 2844 435 2895 ut
461 2852 501 2895 eo
524 2832 577 2895 die
605 2835 768 2899 maximus
793 2858 948 2900 numerus
977 2837 1119 2900 hostium
1140 2856 1170 2909 25

48 2936 297 2997 vulneraretur
323 2944 421 3014 atque
449 2933 700 3010 interficeretur,
725 2947 760 2999 ut
788 2958 823 2999 se
851 2939 912 3001 sub
940 2938 1011 3020 ipso
1035 2936 1121 3000 vallo

49 3035 334 3115 constipaverant
362 3054 595 3118 recessumque
623 3035 737 3117 primis
764 3038 870 3100 ultimi
899 3059 964 3101 non
988 3038 1118 3101 dabant.

48 3134 229 3198 5Paulum
257 3134 389 3217 quidem
421 3134 612 3199 intermissa
642 3134 787 3210 flamma,
812 3150 845 3201 et
876 3140 1016 3221 quodam
1048 3137 1120 3201 loco

53 3234 146 3301 turri
169 3236 290 3299 adacta
306 3245 339 3298 et
363 3236 579 3318 contingente
596 3238 726 3312 vallum,
745 3239 861 3302 tertiae
881 3240 1024 3302 cohortis
1044 3259 1120 3302 cen·

53 3337 213 3399 turiones
242 3356 283 3399 ex
309 3356 349 3399 eo
376 3358 440 3420 quo
468 3338 602 3401 stabant
632 3339 705 3401 loco
733 3351 948 3412 recesserunt,
977 3360 1119 3421 suosque
1137 3357 1169 3407 30

54 3458 178 3501 omnes
203 3450 434 3516 removerunt;
463 3451 546 3525 nutu
569 3440 772 3522 vocibusque
796 3441 908 3505 hostes
933 3440 959 3503 si
984 3441 1119 3503 introire

54 3538 186 3601 vellent
217 3559 337 3603 vocare
364 3551 554 3622 coeperunt,
582 3562 720 3623 quorum
755 3543 906 3622 progredi
938 3562 1038 3605 ausus
1069 3552 1119 3607 est

56 3659 170 3703 nemo.
205 3641 302 3709 ,Tum
328 3662 368 3703 ex
395 3642 484 3704 omni
513 3650 606 3722 parte
634 3641 797 3723 lapidibus
821 3641 981 3723 conjectis
1009 3643 1119 3706 detur-

57 3741 139 3816 bati,
157 3742 325 3824 turrisque
342 3743 470 3805 succisa
487 3753 546 3805 est.

102 3860 154 3922 44
183 3842 290 3905 Erant
322 3842 355 3904 in
383 3862 422 3904 ea
448 3842 577 3923 legione
605 3840 778 3904 fortissimi
809 3842 867 3901 viri
900 3840 1116 3907 centuriones,
1136 3840 1166 3891 35

57 3942 116 4025 qui
145 3943 261 4025 primis
289 3941 459 4004 ordinibus
487 3941 800 4021 appropinquarent,
828 3940 868 4000 T.
899 3937 988 3998 Pnlio
1016 3944 1049 3993 et
1078 3932 1114 3988 L.
