2667 4159
104 158 138 208 B.
150 157 181 209 o.
194 158 239 208 ιιι.
254 157 309 225 20.]
467 143 654 245 Kz'chgyan
672 141 842 235 Sabinae
1149 143 1189 223 63

100 335 209 397 abesse
238 334 317 415 quin
349 334 499 414 proxima
528 344 628 396 nocte
661 313 805 396 Sabinus
837 334 921 413 clam
953 354 995 398 ex
1030 333 1147 398 castris

99 431 272 494 exercitum
296 432 426 506 eduoat,
445 441 478 491 et
502 431 543 492 ad
568 430 745 493 Caesarem
769 432 879 493 auxilii
902 430 1031 495 ferendi
1048 451 1148 495 causa

97 530 324 608 proficiscatur.
381 524 506 609 3Quod
545 527 601 590 ubi
647 528 797 590 auditum
837 538 897 603 est,
937 530 1147 592 conclamant

97 646 207 688 omnes
237 625 448 688 occasionem
480 623 607 734 negotii
638 625 726 688 bene
758 627 896 707 gerendi
928 627 1145 689 amittendam

8 781 9 786 ,
95 744 161 784 non
182 744 264 797 esse,
289 724 331 785 ad
355 732 425 784 east
429 742 464 785 ra
487 722 526 784 iri
555 733 716 803 oportere.
764 720 876 785 4Mul
864 735 918 786 ae
942 744 994 786 res
1018 725 1059 786 ad
1083 725 1146 787 hoc
1176 747 1189 799 5

93 816 263 883 consilium
288 820 403 882 Gallos
427 820 669 884 hortabantur
702 820 909 929 superiorum
937 821 1063 883 dierum
1091 822 1147 884 Sa-

93 918 161 979 bini
182 918 362 992 cunetati0,
380 914 541 998 perfugae
565 905 749 979 confirmat
726 928 782 993 tro,
804 914 914 1001 inopia
938 918 1144 994 cibariorum,

91 1014 145 1076 cui
175 1015 221 1076 rei
252 1034 368 1095 parum
400 1014 581 1095 diligenter
610 1014 691 1076 ab
684 1014 724 1076 ris
756 1026 826 1078 erat
857 1010 1036 1097 provisum,
1069 1036 1145 1097 spes

90 1112 244 1173 Venetici
267 1111 357 1185 belli,
382 1121 417 1173 et
441 1113 528 1192 quod
551 1108 622 1173 fere
647 1112 793 1175 libenter
816 1113 969 1176 homines
993 1113 1026 1175 id
1057 1114 1144 1197 quod

89 1201 202 1271 volunt
226 1210 376 1272 credunt
423 1205 516 1270 ⁵His
545 1209 644 1271 rebus
666 1210 821 1285 adducti,
848 1231 914 1272 non
946 1211 1038 1292 prius
1061 1212 1143 1273 Viri·
1161 1234 1190 1271 ιο

86 1308 235 1369 dovieem
251 1282 463 1389 reliquosque
486 1304 588 1368 duces
613 1327 653 1368 ex
677 1307 819 1370 concilio
843 1308 955 1372 dimitt
926 1318 1027 1384 tt,unt
1046 1329 1144 1391 quam

84 1405 128 1467 ab
157 1404 209 1473 his
241 1404 284 1466 sit
316 1423 523 1478 concessum,
548 1424 640 1466 arma
672 1404 720 1466 uti
752 1406 884 1487 capiant
912 1416 949 1468 et
933 1407 1012 1468 tad
1035 1417 1106 1470 cast
1110 1427 1144 1469 ra

84 1503 301 1573 contendant.
348 1498 452 1582 6Qua
475 1522 510 1563 re
535 1521 703 1577 concessa,
722 1502 802 1565 laeti
827 1504 1060 1586 ut'explorata
1081 1503 1145 1567 vic-

20 1586 178 1675 toria,
210 1589 391 1662 sarme'ntis
424 1592 646 1683 virgultisque
687 1599 846 1675 collectis
878 1601 999 1684 quibus
1036 1598 1144 1665 fossas

83 1691 316 1764 Romanorum
340 1696 538 1779 compleant,
556 1698 597 1760 ad
615 1708 692 1761 -tcas
696 1719 731 1762 ra
754 1707 912 1782 pergunt.
1159 1722 1186 1775 ις

102 1795 186 1881 19'.
213 1796 325 1857 Locus
341 1804 412 1856 erat
427 1774 614 1885 dastrorum
634 1796 753 1871 editus,
771 1805 805 1860 ot
829 1796 987 1909 paulatim
1009 1797 1053 1859 ab
1078 1780 1192 1861 imos

80 1871 233 1956 adclivis
248 1869 343 1955 oiroit
345 1912 382 1965 er
407 1912 526 1973 passus
551 1892 650 1957 mille
700 1894 777 1959 Huc
802 1913 923 1978 magno
948 1914 1045 1957 oursu
1070 1902 1145 1958 oo'n-

36 2072 40 2076 ,
80 1992 289 2077 tenderunt,
303 2000 339 2051 ut
364 2010 463 2071 quam
487 1990 661 2053 minimum
687 1992 787 2073 spatii
749 1992 852 2054 tad
876 2012 913 2055 se
937 1992 1143 2074 colligendos

80 2070 330 2169 armandosque
351 2088 533 2150 vRomanis
571 2088 716 2163 daretur,
750 2089 993 2173 exanimatique
1032 2111 1144 2172 perve-

80 2196 219 2249 nerunt.
257 2182 278 2221 '2
291 2185 445 2259 SabinuS,
470 2205 547 2247 suos
578 2186 741 2261 hortatus
767 2184 994 2269 oupientibus'
1011 2188 1142 2269 signum
1157 2211 1189 2249 20

50 2285 148 2368 stlat*
211 2281 386 2363 Impeditis
410 2282 577 2345 ‘hostibus
617 2292 754 2365 propter
792 2304 830 2347 ea
868 2305 953 2366 quae
990 2283 1143 2349 ferebant

80 2402 207 2454 onera,·
225 2378 339 2442 'subito
369 2380 498 2442 duabus
536 2380 640 2461 portis
680 2380 890 2465 eruptionem
930 2382 1001 2445 fieri
1038 2383 1141 2465 jubet.

80 2476 252 2540 ³Factum
278 2487 329 2539 est
355 2477 606 2557 opportunitate
631 2478 705 2552 loci,
731 2478 879 2541 hostium
904 2478 1082 2544 inscientia
1105 2501 1146 2545 ao

53 2572 334 2655 defetigatione,
352 2575 476 2636 virtute
494 2574 643 2641 'militum
667 2586 700 2639 et
726 2578 932 2659 superiorum
956 2599 1142 2659 pugnarum

80 2659 334 2745 exercitatione,
355 2681 391 2733 ut
414 2692 457 2733 ne
480 2692 582 2735 unum
606 2673 740 2755 quidem
765 2684 954 2737 nostrorum
981 2676 1142 2757 impetum
1157 2698 1186 2750 25

79 2768 222 2844 ferrent,
246 2790 284 2831 ac
316 2769 429 2832 statim
460 2778 556 2851 terga
586 2780 767 2842 verterent
814 2769 934 2853 4Quos
966 2771 1102 2855 impedit
1106 2795 1143 2837 os

81 2867 226 2951 integris
249 2866 374 2928 viribus
402 2865 525 2929 milites
556 2866 662 2929 nostri
697 2869 935 2943 consecuti
904 2890 1062 2951 magnum
1088 2893 1144 2934 nu

82 2984 214 3028 merum
245 2977 360 3056 eorum
391 2936 606 3040 oooiderunt3
636 2965 781 3047 reliquos
805 2967 934 3049 equites
959 2971 1143 3033 conseotati

81 3082 219 3145 pauoos,
243 3061 299 3143 qui
322 3078 364 3123 ex
386 3058 467 3142 luga
496 3073 682 3137 evaserant,
709 3063 922 3145 reliquerunt.
970 3062 1053 3130 5Sic
1077 3086 1144 3129 uno

79 3172 236 3241 tempore
260 3167 295 3221 et
318 3160 359 3221 de
383 3158 492 3221 navali
516 3179 630 3240 pugna
655 3159 800 3224 Sabinus
824 3171 857 3224 et
881 3163 924 3225 de
949 3161 1065 3227 Sabini
1081 3164 1145 3227 vic·
1158 3186 1189 3237 30

81 3258 170 3321 toria
208 3255 333 3321 Caesar
363 3256 488 3319 certior
514 3252 625 3319 factus
655 3269 728 3331 est,·
767 3258 988 3343 oivitatesque
1027 3282 1143 3325 omnes

83 3379 121 3421 se
148 3356 262 3420 statim
287 3353 418 3416 Titurio
449 3351 657 3417 dediderunt
705 3353 817 3418 b'Nam
841 3368 878 3420 ut
902 3358 943 3421 ad
966 3359 1053 3421 bella
1077 3381 1144 3423 sus-

83 3453 238 3535 cipienda
262 3451 433 3524 Gallorum
458 3451 567 3513 alacer
590 3472 627 3514 ac
651 3465 784 3533 prompt
788 3475 826 3515 us
850 3466 902 3517 est
930 3456 1070 3531 animus,
1096 3458 1143 3521 sic

84 3552 193 3616 mollis
217 3570 258 3613 ao
281 3522 416 3611 minime
441 3548 603 3611 resistens
627 3549 668 3611 ad
693 3550 825 3613 oalamit
813 3561 901 3615 tates
926 3551 1144 3634 perferendas

84 3668 213 3713 mense
279 3656 397 3709 mest.
1157 3674 1186 3726 35

127 3754 177 3811 20.
212 3743 340 3819 Eodem
364 3740 434 3806 fere
458 3752 609 3825 tempore
634 3744 666 3807 P.
687 3744 828 3809 Orassus
852 3768 926 3809 cum
951 3748 984 3808 in
1005 3749 1144 3829 Aquita-
