2667 4159
823 43 837 97 l

841 119 849 154 l

181 198 220 256 82
478 192 569 253 First
590 190 746 251 [naasion
769 191 810 271 of
825 161 967 261 Britain.
1162 206 1269 275 [effi
1315 235 1318 241 .

223 483 425 545 nitebantur.

268 594 315 659 25.
343 579 417 662 Quo
477 578 533 640 ubi
573 577 697 640 Caesar
733 575 977 653 animadvertit,
1009 598 1112 642 naves
1150 578 1269 661 longas,
1317 630 1318 633 ,

222 698 360 759 quarum
378 687 410 739 et
429 676 558 757 species
575 685 646 739 erat
670 673 818 737 barbaris
835 674 1033 749 inusitatior,
1051 685 1084 739 et
1109 686 1220 739 motus
1234 678 1268 738 ad
1313 652 1318 747 l

195 796 319 850 susum
336 774 528 855 expeditior,
547 774 681 854 paulum
698 771 859 834 removeri
883 772 924 833 ab
941 772 1105 835 onerariis
1127 774 1269 847 navibus,
1317 750 1318 815 l

222 884 255 935 et
272 873 372 935 remis
388 870 530 945 incitari,
548 880 581 932 et
606 870 646 932 ad
664 870 752 931 latus
769 878 920 950 apertum
938 869 1086 932 hostium
1106 869 1269 944 constitui,

1313 3166 1314 3201 l

223 407 261 448 ac
292 385 404 447 studio
420 404 500 639 y>
532 383 566 444 in
597 380 810 463 pedestribus
842 380 888 443 uti
919 382 1054 463 proeliis
1078 393 1268 445 consuerant
1315 417 1318 431 ·

222 1068 421 1131 summoveri
451 1066 551 1148 jussit
561 1088 568 1142 ;
592 1084 676 1148 quae
707 1084 761 1127 res
791 1084 913 1146 magno
946 1064 1019 1127 usui
1050 1067 1175 1129 nostris
1202 1064 1215 1127 f
1248 1076 1268 1129 t.

220 1163 343 1240 ²Nam,
361 1175 394 1227 et
418 1164 552 1227 navium
576 1164 682 1245 figura
698 1172 731 1226 et
755 1182 921 1225 remorum
939 1171 1033 1225 motu
1057 1172 1091 1225 et
1116 1162 1216 1225 inusit
1253 1184 1269 1226 0

180 1287 209 1321 10
221 1284 344 1345 genere
367 1272 609 1324 tormentorum
641 1260 801 1360 permotiq
819 1258 949 1322 barbari
981 1260 1214 1335 constiterunt,
1233 1282 1270 1324 ac

221 1362 354 1443 paulum
378 1362 476 1422 modo
498 1360 618 1441 pedem
643 1358 838 1422 retulerunt.
885 1353 1024 1438 8Atque
1049 1358 1173 1420 nostris
1196 1358 1272 1420 mili-

221 1459 310 1521 tibus
341 1458 587 1530 cunctantibus,
605 1456 747 1518 maxime
770 1465 909 1537 propter
932 1454 1143 1517 altitudinem
1166 1456 1268 1530 maris,

221 1557 276 1638 qui
300 1556 448 1618 decimae
471 1554 612 1635 legionis
635 1554 778 1635 aquilam
802 1550 940 1627 ferebat,
959 1562 1168 1615 contestatus
1191 1554 1266 1616 deos

221 1664 257 1717 ut
280 1674 320 1716 ea
346 1673 400 1715 res
430 1652 555 1733 legioni
585 1649 728 1714 feliciter
758 1650 928 1715 eveniret:
951 1647 1129 1747 tltesiltte,
1158 1650 1268 1733 inquit,
1293 1722 1300 1737 ἱ

180 1774 207 1824 15
221 1752 354 1826 milites,
393 1750 464 1811 etesi
505 1748 609 1811 vulto
645 1748 795 1831 aquilam
840 1748 986 1809 hostibus
1068 1748 1183 1811 odere:
1220 1770 1270 1831 ego

219 1859 301 1910 certe
337 1869 446 1909 meum
485 1847 535 1908 rei
572 1846 725 1928 publicae
760 1856 859 1928 atque
905 1846 1060 1927 imperate
1088 1846 1094 1856 ’
1138 1845 1269 1930 officium

212 1946 418 2028 praestitere.
481 1944 557 2006 Hoc
595 1964 671 2005 cum
725 1963 784 2005 oce
823 1962 944 2023 magna
981 1942 1130 2019 dixisset,
1163 1963 1199 2007 se
1235 1964 1270 2007 ex

220 2042 297 2104 navi
328 2041 477 2123 proiecit,
508 2051 608 2123 atque
646 2040 680 2102 iu
702 1964 827 2103 liostes
858 2040 1001 2123 aquilam
1038 2037 1126 2105 ferre
1158 2043 1267 2125 coepit.

219 2138 328 2203 ⁵Tum
360 2139 476 2214 nostri,
509 2139 674 2201 cohortati
705 2138 794 2200 inter
824 2159 869 2213 se,
894 2159 936 2202 ne
967 2148 1100 2202 tantum
1132 2141 1267 2204 dedecus

177 2260 209 2297 20
220 2237 462 2312 admitteretur,
487 2236 633 2298 universi
657 2257 699 2298 ex
729 2236 805 2316 navi
832 2236 1047 2301 desiluerunt.
1096 2238 1172 2303 Hos
1195 2240 1268 2301 item

220 2355 261 2397 ex
283 2334 440 2415 proximis
468 2331 610 2415 [primis]
646 2333 786 2396 navibus
811 2354 884 2396 cum
910 2335 1178 2414 conspexissent,
1203 2335 1285 2399 sub,

221 2432 327 2496 secuti
351 2431 505 2494 hostibus
528 2430 844 2513 adpropinquarunt.

265 2530 313 2592 26.
340 2529 527 2611 Pugnatum
557 2538 610 2592 est
648 2530 690 2591 ab
722 2529 872 2611 utrisque
902 2530 1031 2594 acriter.
1079 2532 1198 2596 Nostri
1230 2542 1268 2593 ta·

220 2646 307 2701 men,
331 2627 418 2708 quod
442 2646 549 2708 neque
572 2626 706 2689 ordines
730 2647 862 2689 servare
885 2648 993 2710 neque
1018 2629 1159 2693 firmiter
1183 2628 1268 2692 insis-

177 2746 207 2799 25
221 2735 292 2787 tere
308 2744 417 2805 neque
441 2724 537 2806 signa
560 2724 719 2806 subsequi
742 2734 906 2806 poterant,
925 2735 1025 2808 atque
1041 2725 1126 2791 alius
1150 2727 1214 2789 alia
1234 2746 1268 2789 ex

221 2822 304 2897 navi,
338 2821 600 2904 quibuscumque
633 2822 738 2904 signis
770 2832 967 2897 occurrerat,
994 2844 1030 2886 se
1061 2824 1266 2907 adgregabat,

220 2939 421 3000 magnopere
453 2920 755 3000 perturbabantur;
777 2917 914 2982 ²hostes
945 2940 1035 2995 ver0,
1060 2921 1150 2984 notis
1174 2920 1267 2986 omni·

220 3017 282 3078 bus
313 3017 416 3092 vadis,
448 3017 505 3079 ubi
537 3038 578 3080 ex
607 3017 705 3080 litor'e
737 3018 864 3100 aliquos
897 3016 1083 3100 singulares
1121 3037 1166 3083 ex
1184 3016 1267 3103 xnavi

220 3115 431 3195 egredientes
477 3126 729 3196 conspexerant,
777 3114 925 3179 incitatis
964 3115 1058 3198 equis
1097 3114 1267 3199 impeditos

178 3233 209 3281 30
220 3212 465 3287 adoriebantur,
498 3213 609 3294 plures
649 3233 773 3294 paucos
806 3212 1108 3288 circumsistebant,
1142 3214 1198 3276 alii
1232 3210 1284 3273 ab*

220 3308 323 3371 latere
355 3319 470 3391 aperto
501 3310 535 3372 in
568 3310 742 3373 universos
775 3307 841 3373 tela
871 3310 1090 3373 coniciebant.
1153 3308 1266 3393 8Quod

220 3426 293 3468 cum
333 3406 622 3470 animadvertisset
664 3407 796 3482 Caesar,
838 3409 977 3488 scaphas
1016 3408 1192 3490 longarum
1222 3426 1267 3469 na·

219 3504 318 3577 vium,
359 3503 438 3565 item
479 3505 701 3585 speculatoria
740 3504 871 3585 navigia
917 3506 1077 3568 militibus
1117 3501 1265 3587 compleri

220 3600 326 3681 jussit,
360 3611 394 3662 et
428 3621 512 3681 quos
544 3602 733 3664 laborantes
777 3613 1004 3683 conspexerat,
1036 3604 1087 3665 his
1128 3602 1266 3666 subsidia

178 3719 207 3770 35
221 3697 448 3758 submittebat.
496 3695 637 3760 ⁴N0stri
661 3700 757 3761 simul
782 3700 815 3761 in
840 3700 930 3762 arido
954 3702 1190 3775 constiterunt,
1206 3698 1266 3762 suis

220 3793 374 3861 omnibus
395 3795 594 3869 consecutis,
613 3796 646 3855 in
671 3797 786 3859 hostes
810 3797 971 3879 impetum
994 3794 1158 3874 fecerunt,
1176 3808 1265 3879 atque

221 981 320 1053 atque
343 970 421 1032 inde
444 966 566 1041 lundis
585 967 727 1049 sagittis,
745 965 922 1029 tormentis
938 966 1053 1029 hostes
1077 968 1214 1050 propelli
1256 990 1270 1030 u

1216 990 1255 1234 l
