2667 4159
69 210 93 258 B.
104 210 133 260 Ο.
145 210 187 259 IV.
200 209 257 277 33.]
329 196 407 256 War
429 194 577 257 Cleariots
599 197 640 275 of
656 194 709 256 tlte
731 194 872 255 Britons.
1104 197 1141 273 85

66 386 170 448 tinenti
184 386 381 467 comportari
396 385 543 467 jubebat.
591 381 733 466 8Itaque
750 404 824 445 cum
841 404 971 447 summo
989 384 1100 447 studio

65 484 246 545 arnilitibus
271 482 570 558 administraretur,
593 482 769 545 duodecim
795 482 934 543 navibus
959 480 1098 556 amissis

64 580 180 661 reliquis
197 590 232 643 ut
249 579 398 660 navigari
415 581 589 642 commode
606 587 720 660 posset
737 574 858 641 effecit.

100 695 141 756 32·
172 678 261 739 Dum
290 694 329 739 ea
351 686 523 758 geruntur,
549 676 682 757 legione
706 694 746 737 ex
770 676 1011 739 consuetudine
1035 696 1101 740 una

61 773 285 838 frumentatum
309 775 420 850 missa,
444 795 529 856 quae
552 773 783 855 appellabatur
813 774 964 854 septima,
991 794 1100 855 neque
1131 797 1143 849 5

61 873 117 934 ulla
136 874 175 935 ad
198 873 230 934 id
254 882 392 953 tempus
418 872 497 934 belli
528 871 717 953 suspicione
749 871 955 980 interposita,
970 892 1099 933 —curn

59 991 124 1049 pars
145 970 348 1033 hominum
340 990 374 1032 111
398 970 487 1079 agris
510 978 709 1043 remaneret,
726 989 802 1049 pars
823 979 856 1031 et
860 968 923 1031 iarn
942 969 976 1029 in
993 979 1102 1031 castra

60 1068 233 1143 ventitaret,
247 1067 326 1128 -ii
360 1067 417 1149 qui
447 1087 507 1147 pro
537 1067 643 1147 portis
675 1076 859 1129 castrorum
892 1066 972 1129 ins
957 1066 1101 1129 statione

60 1174 141 1225 erant
129 1164 308 1227 tCaesari
338 1165 577 1226 nuntiaverunt
609 1164 779 1244 pulverem
811 1164 969 1246 majorem
1003 1184 1101 1245 quarn

60 1263 253 1324 consuetudo
276 1259 377 1323 ferret
401 1261 435 1323 in
459 1282 499 1324 ea
522 1271 616 1343 parte
639 1260 752 1334 videri,
778 1281 875 1342 quarn
907 1261 940 1323 in
972 1270 1100 1342 partem
1117 1284 1147 1317 ιο

59 1358 136 1439 legio
164 1359 227 1421 iter
250 1356 396 1421 fecisset.
444 1355 602 1432 ²Caesar‚
627 1358 660 1420 id
692 1358 779 1439 quod
807 1369 877 1419 erat
903 1358 1099 1439 suspicatus,

59 1456 168 1537 aliquid
197 1456 276 1517 novi
299 1477 319 1519 a
341 1456 490 1518 barbaris
517 1455 637 1517 initum
668 1455 808 1529 consilii,
834 1456 988 1518 cohortes
1019 1476 1101 1537 quae

60 1552 88 1613 in
110 1554 305 1616 stationibus
329 1562 425 1615 erant
450 1573 562 1616 secum
595 1552 629 1613 in
661 1572 734 1614 earn
765 1562 894 1633 partem
925 1552 1100 1633 proficisci,

61 1669 95 1711 ex
114 1650 244 1732 reliquis
268 1651 350 1727 duas
374 1650 408 1712 in
432 1651 612 1713 stationem
637 1651 792 1714 cohortes
817 1650 1004 1726 succedere,
1031 1650 1102 1712 reli·
1152 1699 1163 1715 ,

61 1768 131 1827 quas
152 1748 271 1810 armari
294 1758 327 1809 et
353 1745 530 1811 confestim
555 1766 630 1810 sese
655 1747 812 1828 subsequi
834 1746 942 1828 jussit.
990 1744 1100 1810 ³Cum
1117 1768 1144 1821 15

61 1844 147 1923 paulo
168 1846 300 1927 longius
323 1865 343 1907 a
366 1844 486 1907 castris
513 1844 741 1926 processisset,
767 1864 845 1907 suos
876 1845 918 1907 ab
949 1846 1102 1909 hostibus

61 1943 162 2019 premi,
185 1952 285 2025 atque
316 1962 416 2023 aegre
449 1930 627 2017 sustinere,
653 1951 687 2005 et
719 1939 870 2005 conferta
900 1942 1032 2025 legione
1063 1964 1103 2007 ex

61 2040 201 2101 omnibus
239 2040 391 2121 partibus
429 2040 497 2101 tela
534 2040 641 2102 conici
679 2039 924 2101 animadvertit.
989 2038 1101 2104 4Nam

62 2137 145 2215 quod,
175 2136 266 2199 omni
295 2157 337 2199 ex
374 2136 510 2219 reliquis
549 2138 699 2219 partibus
731 2137 887 2200 demesso
923 2135 1101 2213 frument0,

62 2251 126 2310 pars
147 2254 211 2298 una
233 2244 303 2297 erat
328 2234 463 2316 reliqua,
481 2234 642 2315 suspicati
664 2235 781 2297 hostes
797 2234 862 2297 huc
878 2244 1011 2298 nostros
1028 2257 1102 2300 esse
1116 2259 1148 2293 20

63 2340 214 2407 venturos,
239 2341 343 2395 noctu
367 2331 400 2393 in
434 2332 534 2395 silvas
565 2332 767 2394 delituerant
782 2353 789 2408 ;
820 2343 892 2395 tum
923 2333 1101 2415 dispersos,

63 2424 207 2507 depositis
237 2430 349 2504 armis,
374 2429 408 2491 in
440 2430 598 2493 metendo
628 2439 817 2510 occupatos,
844 2430 955 2493 subito
985 2433 1101 2507 adorti,

63 2525 161 2601 paucis
175 2524 371 2602 interiectis
389 2526 535 2609 reliquos
555 2526 693 2590 incertis
717 2526 889 2591 ordinibus
913 2530 1104 2609 perturbav-

64 2632 154 2698 erant,
170 2624 267 2687 simul
284 2624 435 2707 equitatu
451 2633 552 2707 atque
568 2624 695 2687 essedis
712 2624 1008 2691 circumdederant.

101 2735 144 2799 33.
176 2721 290 2784 Genus
322 2722 386 2784 hoc
416 2732 469 2785 est
500 2742 541 2785 ex
571 2723 698 2785 essedis
723 2744 862 2804 pugnae.
912 2724 1020 2787 Primo
1045 2746 1104 2807 per
1117 2747 1146 2800 ²5

64 2834 165 2881 omnes
182 2829 295 2901 partes
319 2819 539 2901 perequitant,
558 2830 591 2882 et
617 2820 684 2882 tela
708 2820 888 2896 coniciunt,
907 2832 1006 2905 atque
1031 2824 1113 2905 ipso'

63 2921 174 2979 terrore
189 2936 348 2999 equorum
365 2926 399 2979 et
417 2918 559 2997 strepitu
582 2927 726 2980 rotarum
753 2918 885 2983 ordines
909 2919 1103 3030 plerumque

63 3014 264 3090 perturbant,
287 3024 323 3075 et
354 3033 429 3076 curn
461 3034 497 3076 se
521 3013 610 3076 inter
632 3015 781 3097 equiturn
807 3027 934 3079 turmas
960 3016 1103 3081 insinua·

62 3121 176 3187 icrunt,
207 3133 248 3173 ex
279 3110 408 3173 essedis
440 3110 609 3189 desiliunt,
643 3122 678 3175 et
709 3113 849 3195 pedibus
886 3114 1118 3196 proeliantur

62 3198 225 3289 ²Aurigae
238 3194 374 3270 hilerim
399 3208 557 3289 paulatim
582 3230 622 3272 ex
646 3210 771 3291 proelio
802 3214 1022 3288 excedunt,a
1003 3223 1102 3296 tque
1117 3237 1148 3286 30

63 3298 102 3362 ita
122 3324 230 3368 currus
254 3306 501 3378 conlocant‚t
466 3305 515 3367 uti
539 3306 565 3368 si
595 3307 641 3368 illi
665 3329 685 3369 a
709 3309 924 3374 multitudine
956 3311 1102 3373 hostium

63 3412 246 3479 premantur,
286 3402 478 3483 expeditum
517 3404 585 3465 ad
603 3424 682 3467 suos
728 3416 843 3487 recept
845 3429 900 3469 um
947 3409 1129 3497 habeant

63 3489 130 3559 3Ita
169 3501 387 3563 mobilitatem
426 3500 585 3582 equitum,
625 3502 787 3565 stabilitat
775 3513 842 3565 tem
882 3504 1077 3585 pediturn
1069 3528 1101 3568 in

65 3596 181 3669 proeliis
207 3608 400 3679 praestant,
432 3620 470 3661 ac
496 3608 627 3660 tanturn
655 3621 716 3661 usu
737 3601 902 3663 cotidiano
927 3612 960 3664 et
984 3604 1104 3665 exerci-

65 3690 174 3757 tatione
196 3696 353 3770 efficiunt,
378 3696 427 3757 uti
451 3696 484 3772 in
509 3695 627 3757 declivi
652 3718 689 3759 ac
712 3698 884 3778 praecipiti
902 3699 973 3760 loco
991 3699 1104 3761 incita·
1116 3724 1145 3775 35

67 3795 111 3848 tos
137 3811 231 3873 equos
263 3793 440 3871 sustinere,
466 3802 500 3858 et
529 3793 621 3858 brevi
644 3795 807 3856 moderari
831 3816 868 3856 ac
900 3796 1042 3868 flectere,
1069 3806 1102 3857 et
