<?xml version="1.0" encoding="UTF-8"?>
<!DOCTYPE html PUBLIC "-//W3C//DTD XHTML 1.0 Transitional//EN"
    "http://www.w3.org/TR/xhtml1/DTD/xhtml1-transitional.dtd">
<html xmlns="http://www.w3.org/1999/xhtml" xml:lang="en" lang="en">
 <head>
  <title>
</title>
<meta http-equiv="Content-Type" content="text/html;charset=utf-8" />
  <meta name='ocr-system' content='tesseract 3.04.00' />
  <meta name='ocr-capabilities' content='ocr_page ocr_carea ocr_par ocr_line ocrx_word'/>
</head>
<body>
  <div class='ocr_page' id='page_1' title='image "./caesarsgallicwa01greegoog_0048.png"; bbox 0 0 2667 4159; ppageno 0'>
   <div class='ocr_carea' id='block_1_1' title="bbox 141 154 1317 278">
    <p class='ocr_par' dir='ltr' id='par_1_1' title="bbox 141 154 1317 278">
     <span class='ocr_line' id='line_1_1' title="bbox 141 154 1317 278; baseline 0.01 -27"><span class='ocrx_word' id='word_1_1' title='bbox 141 191 180 252; x_wconf 92' lang='lat'>16</span> <span class='ocrx_word' id='word_1_2' title='bbox 499 190 565 254; x_wconf 79' lang='lat' dir='ltr'>lee</span> <span class='ocrx_word' id='word_1_3' title='bbox 587 192 768 254; x_wconf 81' lang='lat' dir='ltr'>Helvetr&#39;an</span> <span class='ocrx_word' id='word_1_4' title='bbox 795 193 876 255; x_wconf 80' lang='lat' dir='ltr'>War.</span> <span class='ocrx_word' id='word_1_5' title='bbox 1121 208 1238 278; x_wconf 65' lang='lat' dir='ltr'>[Casan</span> <span class='ocrx_word' id='word_1_6' title='bbox 1313 154 1317 162; x_wconf 91' lang='lat'>·</span> 
     </span>
    </p>
   </div>
   <div class='ocr_carea' id='block_1_2' title="bbox 153 383 1327 1244">
    <p class='ocr_par' dir='ltr' id='par_1_2' title="bbox 153 383 1327 1244">
     <span class='ocr_line' id='line_1_2' title="bbox 182 383 1239 464; baseline 0.005 -20"><span class='ocrx_word' id='word_1_7' title='bbox 182 393 216 444; x_wconf 87' lang='lat' dir='ltr'>et</span> <span class='ocrx_word' id='word_1_8' title='bbox 239 383 401 464; x_wconf 91' lang='lat' dir='ltr'>proelium</span> <span class='ocrx_word' id='word_1_9' title='bbox 425 383 654 464; x_wconf 86' lang='lat' dir='ltr'>redintegrare</span> <span class='ocrx_word' id='word_1_10' title='bbox 676 394 867 464; x_wconf 88' lang='lat' dir='ltr'>coeperunt.</span> <span class='ocrx_word' id='word_1_11' title='bbox 896 394 899 447; x_wconf 67' lang='grc' dir='ltr'><strong><em>ἓ</em></strong></span> <span class='ocrx_word' id='word_1_12' title='bbox 918 385 1062 447; x_wconf 90' lang='lat' dir='ltr'>Romani</span> <span class='ocrx_word' id='word_1_13' title='bbox 1079 405 1239 449; x_wconf 89' lang='lat' dir='ltr'>conversa</span> 
     </span>
     <span class='ocr_line' id='line_1_3' title="bbox 182 468 1326 571; baseline 0.005 -31"><span class='ocrx_word' id='word_1_14' title='bbox 182 480 277 560; x_wconf 87' lang='lat' dir='ltr'>signa</span> <span class='ocrx_word' id='word_1_15' title='bbox 301 480 459 560; x_wconf 89' lang='lat' dir='ltr'>bipartito</span> <span class='ocrx_word' id='word_1_16' title='bbox 484 480 689 546; x_wconf 89' lang='lat' dir='ltr'>intulerunt:</span> <span class='ocrx_word' id='word_1_17' title='bbox 720 482 825 562; x_wconf 89' lang='lat' dir='ltr'>prima</span> <span class='ocrx_word' id='word_1_18' title='bbox 849 468 895 544; x_wconf 51' lang='lat' dir='ltr'>et&#39;</span> <span class='ocrx_word' id='word_1_19' title='bbox 911 483 1058 544; x_wconf 90' lang='lat' dir='ltr'>secunda</span> <span class='ocrx_word' id='word_1_20' title='bbox 1081 483 1178 557; x_wconf 72' lang='lat' dir='ltr'>acies</span> <span class='ocrx_word' id='word_1_21' title='bbox 1202 494 1237 546; x_wconf 93' lang='lat' dir='ltr'>ut</span> <span class='ocrx_word' id='word_1_22' title='bbox 1324 560 1326 571; x_wconf 56' lang='lat'>,</span> 
     </span>
     <span class='ocr_line' id='line_1_4' title="bbox 182 577 1326 656; baseline 0.005 -18"><span class='ocrx_word' id='word_1_23' title='bbox 182 577 278 639; x_wconf 90' lang='lat' dir='ltr'>victis</span> <span class='ocrx_word' id='word_1_24' title='bbox 302 597 339 638; x_wconf 86' lang='lat' dir='ltr'>ac</span> <span class='ocrx_word' id='word_1_25' title='bbox 364 578 539 639; x_wconf 90' lang='lat' dir='ltr'>summotis</span> <span class='ocrx_word' id='word_1_26' title='bbox 564 577 736 640; x_wconf 84' lang='lat' dir='ltr'>resisteret</span> <span class='ocrx_word' id='word_1_27' title='bbox 750 600 757 655; x_wconf 89' lang='lat'><strong>;</strong></span> <span class='ocrx_word' id='word_1_28' title='bbox 784 579 892 653; x_wconf 89' lang='lat' dir='ltr'>tertia,</span> <span class='ocrx_word' id='word_1_29' title='bbox 913 587 950 641; x_wconf 91' lang='lat' dir='ltr'>ut</span> <span class='ocrx_word' id='word_1_30' title='bbox 971 579 1149 642; x_wconf 89' lang='lat' dir='ltr'>venientes</span> <span class='ocrx_word' id='word_1_31' title='bbox 1174 601 1240 643; x_wconf 87' lang='lat' dir='ltr'>sus·</span> <span class='ocrx_word' id='word_1_32' title='bbox 1324 643 1326 656; x_wconf 81' lang='grc'>,</span> 
     </span>
     <span class='ocr_line' id='line_1_5' title="bbox 181 675 312 737; baseline 0.023 -3"><span class='ocrx_word' id='word_1_33' title='bbox 181 675 312 737; x_wconf 88' lang='lat' dir='ltr'>tineret.</span> 
     </span>
     <span class='ocr_line' id='line_1_6' title="bbox 153 757 1327 856; baseline 0.004 -22"><span class='ocrx_word' id='word_1_34' title='bbox 153 793 167 845; x_wconf 84' lang='lat'>5</span> <span class='ocrx_word' id='word_1_35' title='bbox 225 773 274 834; x_wconf 89' lang='lat'>26.</span> <span class='ocrx_word' id='word_1_36' title='bbox 310 773 362 835; x_wconf 91' lang='lat' dir='ltr'>lta</span> <span class='ocrx_word' id='word_1_37' title='bbox 389 771 527 853; x_wconf 88' lang='lat' dir='ltr'>ancipiti</span> <span class='ocrx_word' id='word_1_38' title='bbox 554 772 681 854; x_wconf 89' lang='lat' dir='ltr'>proelio</span> <span class='ocrx_word' id='word_1_39' title='bbox 705 774 761 836; x_wconf 93' lang='lat' dir='ltr'>diu</span> <span class='ocrx_word' id='word_1_40' title='bbox 785 783 886 855; x_wconf 89' lang='lat' dir='ltr'>atque</span> <span class='ocrx_word' id='word_1_41' title='bbox 909 774 1031 837; x_wconf 88' lang='lat' dir='ltr'>acriter</span> <span class='ocrx_word' id='word_1_42' title='bbox 1052 785 1237 856; x_wconf 89' lang='lat' dir='ltr'>pugnatum</span> <span class='ocrx_word' id='word_1_43' title='bbox 1324 757 1327 803; x_wconf 43' lang='grc' dir='ltr'>ἶ</span> 
     </span>
     <span class='ocr_line' id='line_1_7' title="bbox 181 869 1237 952; baseline 0.004 -22"><span class='ocrx_word' id='word_1_44' title='bbox 181 878 242 931; x_wconf 87' lang='lat' dir='ltr'>est.</span> <span class='ocrx_word' id='word_1_45' title='bbox 302 869 438 932; x_wconf 81' lang='lat' dir='ltr'>Diutius</span> <span class='ocrx_word' id='word_1_46' title='bbox 470 890 544 932; x_wconf 91' lang='lat' dir='ltr'>cum</span> <span class='ocrx_word' id='word_1_47' title='bbox 577 871 745 932; x_wconf 91' lang='lat' dir='ltr'>sustinere</span> <span class='ocrx_word' id='word_1_48' title='bbox 773 881 961 933; x_wconf 90' lang='lat' dir='ltr'>nostrorum</span> <span class='ocrx_word' id='word_1_49' title='bbox 993 871 1140 952; x_wconf 90' lang='lat' dir='ltr'>impetus</span> <span class='ocrx_word' id='word_1_50' title='bbox 1172 894 1237 934; x_wconf 93' lang='lat' dir='ltr'>non</span> 
     </span>
     <span class='ocr_line' id='line_1_8' title="bbox 180 966 1237 1049; baseline 0.002 -21"><span class='ocrx_word' id='word_1_51' title='bbox 180 976 327 1046; x_wconf 82' lang='lat' dir='ltr'>possent,</span> <span class='ocrx_word' id='word_1_52' title='bbox 346 966 442 1028; x_wconf 89' lang='lat' dir='ltr'>alteri</span> <span class='ocrx_word' id='word_1_53' title='bbox 463 987 509 1041; x_wconf 88' lang='lat' dir='ltr'>se,</span> <span class='ocrx_word' id='word_1_54' title='bbox 527 977 563 1028; x_wconf 90' lang='lat' dir='ltr'>ut</span> <span class='ocrx_word' id='word_1_55' title='bbox 587 978 777 1048; x_wconf 82' lang='lat' dir='ltr'>coeperant,</span> <span class='ocrx_word' id='word_1_56' title='bbox 796 968 831 1029; x_wconf 93' lang='lat' dir='ltr'>in</span> <span class='ocrx_word' id='word_1_57' title='bbox 855 979 1003 1031; x_wconf 89' lang='lat' dir='ltr'>montem</span> <span class='ocrx_word' id='word_1_58' title='bbox 1028 979 1237 1049; x_wconf 88' lang='lat' dir='ltr'>receperunt,</span> 
     </span>
     <span class='ocr_line' id='line_1_9' title="bbox 181 1053 1237 1144; baseline 0.002 -18"><span class='ocrx_word' id='word_1_59' title='bbox 181 1064 276 1126; x_wconf 90' lang='lat' dir='ltr'>alteri</span> <span class='ocrx_word' id='word_1_60' title='bbox 304 1065 344 1125; x_wconf 91' lang='lat' dir='ltr'>ad</span> <span class='ocrx_word' id='word_1_61' title='bbox 372 1063 612 1144; x_wconf 91' lang='lat' dir='ltr'>impedimenta</span> <span class='ocrx_word' id='word_1_62' title='bbox 639 1075 673 1126; x_wconf 87' lang='lat' dir='ltr'>et</span> <span class='ocrx_word' id='word_1_63' title='bbox 698 1053 809 1128; x_wconf 82' lang='lat' dir='ltr'>carros</span> <span class='ocrx_word' id='word_1_64' title='bbox 837 1086 914 1127; x_wconf 92' lang='lat' dir='ltr'>suos</span> <span class='ocrx_word' id='word_1_65' title='bbox 946 1085 982 1128; x_wconf 91' lang='lat' dir='ltr'>se</span> <span class='ocrx_word' id='word_1_66' title='bbox 1013 1067 1237 1128; x_wconf 91' lang='lat' dir='ltr'>contulerunt.</span> 
     </span>
     <span class='ocr_line' id='line_1_10' title="bbox 179 1149 1241 1244; baseline 0.003 -21"><span class='ocrx_word' id='word_1_67' title='bbox 179 1159 290 1223; x_wconf 79' lang='lat' dir='ltr'>2Nam</span> <span class='ocrx_word' id='word_1_68' title='bbox 320 1162 383 1222; x_wconf 90' lang='lat' dir='ltr'>hoc</span> <span class='ocrx_word' id='word_1_69' title='bbox 413 1171 484 1223; x_wconf 89' lang='lat' dir='ltr'>toto</span> <span class='ocrx_word' id='word_1_70' title='bbox 508 1163 645 1242; x_wconf 89' lang='lat' dir='ltr'>proeli0,</span> <span class='ocrx_word' id='word_1_71' title='bbox 661 1149 744 1225; x_wconf 36' lang='lat' dir='ltr'>‘cum</span> <span class='ocrx_word' id='word_1_72' title='bbox 769 1164 811 1224; x_wconf 95' lang='lat' dir='ltr'>ab</span> <span class='ocrx_word' id='word_1_73' title='bbox 835 1164 914 1225; x_wconf 89' lang='lat' dir='ltr'>hora</span> <span class='ocrx_word' id='word_1_74' title='bbox 939 1163 1083 1244; x_wconf 86' lang='lat' dir='ltr'>septima</span> <span class='ocrx_word' id='word_1_75' title='bbox 1105 1163 1146 1224; x_wconf 92' lang='lat' dir='ltr'>ad</span> <span class='ocrx_word' id='word_1_76' title='bbox 1169 1184 1241 1226; x_wconf 90' lang='lat' dir='ltr'>ves-</span> 
     </span>
    </p>
   </div>
   <div class='ocr_carea' id='block_1_3' title="bbox 140 1259 1328 1340">
    <p class='ocr_par' dir='ltr' id='par_1_3' title="bbox 140 1259 1328 1340">
     <span class='ocr_line' id='line_1_11' title="bbox 140 1259 1328 1340; baseline 0.007 -24"><span class='ocrx_word' id='word_1_77' title='bbox 140 1284 168 1316; x_wconf 92' lang='lat'>10</span> <span class='ocrx_word' id='word_1_78' title='bbox 181 1279 296 1340; x_wconf 91' lang='lat' dir='ltr'>perum</span> <span class='ocrx_word' id='word_1_79' title='bbox 326 1268 513 1339; x_wconf 88' lang='lat' dir='ltr'>pugnatum</span> <span class='ocrx_word' id='word_1_80' title='bbox 543 1259 596 1334; x_wconf 89' lang='lat' dir='ltr'>sit,</span> <span class='ocrx_word' id='word_1_81' title='bbox 633 1280 787 1322; x_wconf 89' lang='lat' dir='ltr'>aversum</span> <span class='ocrx_word' id='word_1_82' title='bbox 822 1261 955 1322; x_wconf 88' lang='lat' dir='ltr'>hostem</span> <span class='ocrx_word' id='word_1_83' title='bbox 989 1260 1103 1323; x_wconf 90' lang='lat' dir='ltr'>videre</span> <span class='ocrx_word' id='word_1_84' title='bbox 1140 1281 1241 1324; x_wconf 89' lang='lat' dir='ltr'>nemo</span> <span class='ocrx_word' id='word_1_85' title='bbox 1321 1272 1328 1307; x_wconf 80' lang='lat'>&#39;·</span> 
     </span>
    </p>
   </div>
   <div class='ocr_carea' id='block_1_4' title="bbox 180 1355 1330 1732">
    <p class='ocr_par' dir='ltr' id='par_1_4' title="bbox 180 1355 1330 1732">
     <span class='ocr_line' id='line_1_12' title="bbox 180 1355 1242 1439; baseline 0.004 -21"><span class='ocrx_word' id='word_1_86' title='bbox 180 1357 298 1438; x_wconf 93' lang='lat' dir='ltr'>potuit.</span> <span class='ocrx_word' id='word_1_87' title='bbox 361 1355 418 1417; x_wconf 82' lang='lat' dir='ltr'>Ad</span> <span class='ocrx_word' id='word_1_88' title='bbox 450 1357 588 1419; x_wconf 92' lang='lat' dir='ltr'>multam</span> <span class='ocrx_word' id='word_1_89' title='bbox 623 1366 756 1420; x_wconf 86' lang='lat' dir='ltr'>noctem</span> <span class='ocrx_word' id='word_1_90' title='bbox 793 1357 893 1420; x_wconf 91' lang='lat' dir='ltr'>etiam</span> <span class='ocrx_word' id='word_1_91' title='bbox 925 1359 966 1420; x_wconf 88' lang='lat' dir='ltr'>ad</span> <span class='ocrx_word' id='word_1_92' title='bbox 998 1357 1242 1439; x_wconf 89' lang='lat' dir='ltr'>impedimenta</span> 
     </span>
     <span class='ocr_line' id='line_1_13' title="bbox 180 1455 1243 1538; baseline 0.001 -21"><span class='ocrx_word' id='word_1_93' title='bbox 180 1464 366 1536; x_wconf 88' lang='lat' dir='ltr'>pugnatum</span> <span class='ocrx_word' id='word_1_94' title='bbox 391 1463 452 1528; x_wconf 90' lang='lat' dir='ltr'>est,</span> <span class='ocrx_word' id='word_1_95' title='bbox 477 1464 654 1534; x_wconf 91' lang='lat' dir='ltr'>propterea</span> <span class='ocrx_word' id='word_1_96' title='bbox 676 1456 763 1536; x_wconf 92' lang='lat' dir='ltr'>quod</span> <span class='ocrx_word' id='word_1_97' title='bbox 787 1455 950 1536; x_wconf 88' lang='lat' dir='ltr'>provallo</span> <span class='ocrx_word' id='word_1_98' title='bbox 973 1476 1085 1518; x_wconf 90' lang='lat' dir='ltr'>carros</span> <span class='ocrx_word' id='word_1_99' title='bbox 1110 1456 1243 1538; x_wconf 92' lang='lat' dir='ltr'>objece-</span> 
     </span>
     <span class='ocr_line' id='line_1_14' title="bbox 181 1550 1330 1643; baseline 0.004 -29"><span class='ocrx_word' id='word_1_100' title='bbox 181 1562 264 1626; x_wconf 83' lang='lat' dir='ltr'>rant,</span> <span class='ocrx_word' id='word_1_101' title='bbox 297 1562 330 1613; x_wconf 88' lang='lat' dir='ltr'>et</span> <span class='ocrx_word' id='word_1_102' title='bbox 367 1572 385 1613; x_wconf 90' lang='lat' dir='ltr'>e</span> <span class='ocrx_word' id='word_1_103' title='bbox 416 1550 488 1613; x_wconf 94' lang='lat' dir='ltr'>loco</span> <span class='ocrx_word' id='word_1_104' title='bbox 524 1552 693 1632; x_wconf 89' lang='lat' dir='ltr'>superiore</span> <span class='ocrx_word' id='word_1_105' title='bbox 727 1553 763 1614; x_wconf 90' lang='lat' dir='ltr'>in</span> <span class='ocrx_word' id='word_1_106' title='bbox 796 1562 930 1615; x_wconf 91' lang='lat' dir='ltr'>nostros</span> <span class='ocrx_word' id='word_1_107' title='bbox 961 1553 1137 1616; x_wconf 88' lang='lat' dir='ltr'>venientes</span> <span class='ocrx_word' id='word_1_108' title='bbox 1170 1554 1242 1618; x_wconf 88' lang='lat' dir='ltr'>tela</span> <span class='ocrx_word' id='word_1_109' title='bbox 1329 1636 1330 1643; x_wconf 8' lang='grc' dir='ltr'>ἵ</span> 
     </span>
     <span class='ocr_line' id='line_1_15' title="bbox 181 1648 1330 1732; baseline 0.003 -21"><span class='ocrx_word' id='word_1_110' title='bbox 181 1650 401 1722; x_wconf 79' lang='lat' dir='ltr'>coniciebant,</span> <span class='ocrx_word' id='word_1_111' title='bbox 428 1658 461 1710; x_wconf 87' lang='lat' dir='ltr'>et</span> <span class='ocrx_word' id='word_1_112' title='bbox 486 1648 639 1710; x_wconf 88' lang='lat' dir='ltr'>nonnulli</span> <span class='ocrx_word' id='word_1_113' title='bbox 668 1649 757 1712; x_wconf 89' lang='lat' dir='ltr'>inter</span> <span class='ocrx_word' id='word_1_114' title='bbox 781 1670 891 1712; x_wconf 91' lang='lat' dir='ltr'>carros</span> <span class='ocrx_word' id='word_1_115' title='bbox 916 1660 1071 1732; x_wconf 89' lang='lat' dir='ltr'>rotasque</span> <span class='ocrx_word' id='word_1_116' title='bbox 1093 1660 1241 1715; x_wconf 88' lang='lat' dir='ltr'>mataras</span> <span class='ocrx_word' id='word_1_117' title='bbox 1326 1678 1330 1693; x_wconf 89' lang='grc'>·</span> 
     </span>
    </p>
   </div>
   <div class='ocr_carea' id='block_1_5' title="bbox 140 1745 1330 1828">
    <p class='ocr_par' dir='ltr' id='par_1_5' title="bbox 140 1745 1330 1828">
     <span class='ocr_line' id='line_1_16' title="bbox 140 1745 1330 1828; baseline 0.004 -26"><span class='ocrx_word' id='word_1_118' title='bbox 140 1769 166 1819; x_wconf 84' lang='lat'>15</span> <span class='ocrx_word' id='word_1_119' title='bbox 180 1767 218 1808; x_wconf 90' lang='lat' dir='ltr'>ac</span> <span class='ocrx_word' id='word_1_120' title='bbox 241 1747 390 1826; x_wconf 86' lang='lat' dir='ltr'>tragulas</span> <span class='ocrx_word' id='word_1_121' title='bbox 415 1746 635 1820; x_wconf 86' lang='lat' dir='ltr'>subiciebant,</span> <span class='ocrx_word' id='word_1_122' title='bbox 653 1758 853 1828; x_wconf 90' lang='lat' dir='ltr'>nostrosque</span> <span class='ocrx_word' id='word_1_123' title='bbox 869 1747 1099 1810; x_wconf 87' lang='lat' dir='ltr'>vulnerabant.</span> <span class='ocrx_word' id='word_1_124' title='bbox 1142 1745 1160 1827; x_wconf 17' lang='lat'>¹3</span> <span class='ocrx_word' id='word_1_125' title='bbox 1170 1749 1242 1812; x_wconf 93' lang='lat' dir='ltr'>Diu</span> <span class='ocrx_word' id='word_1_126' title='bbox 1329 1796 1330 1807; x_wconf 67' lang='grc'>,</span> 
     </span>
    </p>
   </div>
   <div class='ocr_carea' id='block_1_6' title="bbox 137 1843 1246 2608">
    <p class='ocr_par' dir='ltr' id='par_1_6' title="bbox 137 1843 1246 2608">
     <span class='ocr_line' id='line_1_17' title="bbox 181 1843 1242 1926; baseline 0.002 -20"><span class='ocrx_word' id='word_1_127' title='bbox 181 1865 256 1906; x_wconf 89' lang='lat' dir='ltr'>cum</span> <span class='ocrx_word' id='word_1_128' title='bbox 288 1853 376 1905; x_wconf 92' lang='lat' dir='ltr'>esset</span> <span class='ocrx_word' id='word_1_129' title='bbox 408 1852 605 1923; x_wconf 86' lang='lat' dir='ltr'>pugnatum,</span> <span class='ocrx_word' id='word_1_130' title='bbox 635 1843 884 1925; x_wconf 90' lang='lat' dir='ltr'>impedimentis</span> <span class='ocrx_word' id='word_1_131' title='bbox 915 1844 1100 1926; x_wconf 88' lang='lat' dir='ltr'>castrisque</span> <span class='ocrx_word' id='word_1_132' title='bbox 1131 1848 1242 1908; x_wconf 87' lang='lat' dir='ltr'>nostri</span> 
     </span>
     <span class='ocr_line' id='line_1_18' title="bbox 180 1939 1241 2024; baseline 0.003 -21"><span class='ocrx_word' id='word_1_133' title='bbox 180 1941 278 2022; x_wconf 85' lang='lat' dir='ltr'>potiti</span> <span class='ocrx_word' id='word_1_134' title='bbox 310 1949 396 2002; x_wconf 92' lang='lat' dir='ltr'>sunt.</span> <span class='ocrx_word' id='word_1_135' title='bbox 458 1939 510 2002; x_wconf 90' lang='lat' dir='ltr'>Ibi</span> <span class='ocrx_word' id='word_1_136' title='bbox 539 1940 751 2022; x_wconf 87' lang='lat' dir='ltr'>Orgetorigis</span> <span class='ocrx_word' id='word_1_137' title='bbox 779 1941 847 2004; x_wconf 89' lang='lat' dir='ltr'>filia</span> <span class='ocrx_word' id='word_1_138' title='bbox 873 1951 974 2024; x_wconf 88' lang='lat' dir='ltr'>atque</span> <span class='ocrx_word' id='word_1_139' title='bbox 1001 1964 1088 2005; x_wconf 93' lang='lat' dir='ltr'>unus</span> <span class='ocrx_word' id='word_1_140' title='bbox 1115 1964 1134 2006; x_wconf 90' lang='lat' dir='ltr'>e</span> <span class='ocrx_word' id='word_1_141' title='bbox 1162 1944 1241 2007; x_wconf 87' lang='lat' dir='ltr'>liliis</span> 
     </span>
     <span class='ocr_line' id='line_1_19' title="bbox 180 2035 1243 2119; baseline 0.003 -18"><span class='ocrx_word' id='word_1_142' title='bbox 180 2035 298 2119; x_wconf 83' lang='lat' dir='ltr'>captus</span> <span class='ocrx_word' id='word_1_143' title='bbox 330 2048 389 2100; x_wconf 90' lang='lat' dir='ltr'>est.</span> <span class='ocrx_word' id='word_1_144' title='bbox 452 2035 528 2099; x_wconf 82' lang='lat' dir='ltr'>4Ex</span> <span class='ocrx_word' id='word_1_145' title='bbox 559 2057 598 2100; x_wconf 92' lang='lat' dir='ltr'>eo</span> <span class='ocrx_word' id='word_1_146' title='bbox 629 2038 754 2118; x_wconf 90' lang='lat' dir='ltr'>proelio</span> <span class='ocrx_word' id='word_1_147' title='bbox 785 2039 918 2102; x_wconf 90' lang='lat' dir='ltr'>circiter</span> <span class='ocrx_word' id='word_1_148' title='bbox 944 2041 1116 2103; x_wconf 91' lang='lat' dir='ltr'>hominum</span> <span class='ocrx_word' id='word_1_149' title='bbox 1149 2042 1243 2104; x_wconf 91' lang='lat' dir='ltr'>milia</span> 
     </span>
     <span class='ocr_line' id='line_1_20' title="bbox 180 2133 1244 2218; baseline 0.004 -21"><span class='ocrx_word' id='word_1_150' title='bbox 180 2155 272 2198; x_wconf 85' lang='lat' dir='ltr'>cxxx</span> <span class='ocrx_word' id='word_1_151' title='bbox 320 2133 565 2215; x_wconf 86' lang='lat' dir='ltr'>superfuerunt,</span> <span class='ocrx_word' id='word_1_152' title='bbox 613 2155 717 2218; x_wconf 89' lang='lat' dir='ltr'>eaque</span> <span class='ocrx_word' id='word_1_153' title='bbox 762 2146 834 2199; x_wconf 91' lang='lat' dir='ltr'>tota</span> <span class='ocrx_word' id='word_1_154' title='bbox 878 2147 978 2200; x_wconf 89' lang='lat' dir='ltr'>nocte</span> <span class='ocrx_word' id='word_1_155' title='bbox 1024 2139 1244 2202; x_wconf 88' lang='lat' dir='ltr'>continenter</span> 
     </span>
     <span class='ocr_line' id='line_1_21' title="bbox 137 2230 1242 2314; baseline 0.009 -25"><span class='ocrx_word' id='word_1_156' title='bbox 137 2257 168 2290; x_wconf 91' lang='lat'>20</span> <span class='ocrx_word' id='word_1_157' title='bbox 180 2235 310 2295; x_wconf 85' lang='lat' dir='ltr'>ierunt:</span> <span class='ocrx_word' id='word_1_158' title='bbox 348 2230 472 2294; x_wconf 92' lang='lat' dir='ltr'>nullam</span> <span class='ocrx_word' id='word_1_159' title='bbox 507 2242 636 2314; x_wconf 88' lang='lat' dir='ltr'>partem</span> <span class='ocrx_word' id='word_1_160' title='bbox 671 2234 782 2297; x_wconf 88' lang='lat' dir='ltr'>noctis</span> <span class='ocrx_word' id='word_1_161' title='bbox 812 2234 933 2298; x_wconf 89' lang='lat' dir='ltr'>itinere</span> <span class='ocrx_word' id='word_1_162' title='bbox 967 2236 1167 2312; x_wconf 89' lang='lat' dir='ltr'>intermisso,</span> <span class='ocrx_word' id='word_1_163' title='bbox 1205 2237 1242 2299; x_wconf 92' lang='lat' dir='ltr'>in</span> 
     </span>
     <span class='ocr_line' id='line_1_22' title="bbox 179 2329 1245 2416; baseline 0.005 -24"><span class='ocrx_word' id='word_1_164' title='bbox 179 2333 264 2392; x_wconf 89' lang='lat' dir='ltr'>fines</span> <span class='ocrx_word' id='word_1_165' title='bbox 290 2331 482 2411; x_wconf 87' lang='lat' dir='ltr'>Lingonum</span> <span class='ocrx_word' id='word_1_166' title='bbox 506 2329 560 2393; x_wconf 91' lang='lat' dir='ltr'>die</span> <span class='ocrx_word' id='word_1_167' title='bbox 585 2340 704 2412; x_wconf 89' lang='lat' dir='ltr'>quarto</span> <span class='ocrx_word' id='word_1_168' title='bbox 727 2342 962 2412; x_wconf 86' lang='lat' dir='ltr'>pervenerunt,</span> <span class='ocrx_word' id='word_1_169' title='bbox 987 2354 1063 2396; x_wconf 92' lang='lat' dir='ltr'>cum</span> <span class='ocrx_word' id='word_1_170' title='bbox 1088 2343 1122 2395; x_wconf 92' lang='lat' dir='ltr'>et</span> <span class='ocrx_word' id='word_1_171' title='bbox 1145 2355 1245 2416; x_wconf 88' lang='lat' dir='ltr'>prop-</span> 
     </span>
     <span class='ocr_line' id='line_1_23' title="bbox 179 2427 1241 2511; baseline 0.004 -21"><span class='ocrx_word' id='word_1_172' title='bbox 179 2439 231 2490; x_wconf 89' lang='lat' dir='ltr'>ter</span> <span class='ocrx_word' id='word_1_173' title='bbox 253 2429 392 2490; x_wconf 89' lang='lat' dir='ltr'>vulnera</span> <span class='ocrx_word' id='word_1_174' title='bbox 415 2427 568 2502; x_wconf 88' lang='lat' dir='ltr'>militum,</span> <span class='ocrx_word' id='word_1_175' title='bbox 594 2437 628 2490; x_wconf 91' lang='lat' dir='ltr'>et</span> <span class='ocrx_word' id='word_1_176' title='bbox 652 2439 788 2511; x_wconf 89' lang='lat' dir='ltr'>propter</span> <span class='ocrx_word' id='word_1_177' title='bbox 810 2429 1016 2510; x_wconf 86' lang='lat' dir='ltr'>sepulturam</span> <span class='ocrx_word' id='word_1_178' title='bbox 1040 2432 1241 2506; x_wconf 90' lang='lat' dir='ltr'>occisorum,</span> 
     </span>
     <span class='ocr_line' id='line_1_24' title="bbox 179 2520 1246 2608; baseline 0.005 -21"><span class='ocrx_word' id='word_1_179' title='bbox 179 2526 286 2589; x_wconf 91' lang='lat' dir='ltr'>nostri</span> <span class='ocrx_word' id='word_1_180' title='bbox 302 2525 449 2587; x_wconf 85' lang='lat' dir='ltr'>triduum</span> <span class='ocrx_word' id='word_1_181' title='bbox 472 2525 591 2588; x_wconf 85' lang='lat' dir='ltr'>morati</span> <span class='ocrx_word' id='word_1_182' title='bbox 607 2545 666 2588; x_wconf 89' lang='lat' dir='ltr'>eos</span> <span class='ocrx_word' id='word_1_183' title='bbox 689 2526 784 2607; x_wconf 93' lang='lat' dir='ltr'>sequi</span> <span class='ocrx_word' id='word_1_184' title='bbox 804 2547 871 2588; x_wconf 93' lang='lat' dir='ltr'>non</span> <span class='ocrx_word' id='word_1_185' title='bbox 891 2520 1091 2608; x_wconf 79' lang='lat' dir='ltr'>potuissent.</span> <span class='ocrx_word' id='word_1_186' title='bbox 1137 2524 1246 2592; x_wconf 77' lang='lat' dir='ltr'>⁵Cae—</span> 
     </span>
    </p>
   </div>
   <div class='ocr_carea' id='block_1_7' title="bbox 180 2622 1333 2704">
    <p class='ocr_par' dir='ltr' id='par_1_7' title="bbox 180 2622 1333 2704">
     <span class='ocr_line' id='line_1_25' title="bbox 180 2622 1333 2704; baseline 0.003 -20"><span class='ocrx_word' id='word_1_187' title='bbox 180 2644 233 2686; x_wconf 90' lang='lat' dir='ltr'>sar</span> <span class='ocrx_word' id='word_1_188' title='bbox 255 2624 295 2685; x_wconf 92' lang='lat' dir='ltr'>ad</span> <span class='ocrx_word' id='word_1_189' title='bbox 321 2622 493 2704; x_wconf 87' lang='lat' dir='ltr'>Lingonas</span> <span class='ocrx_word' id='word_1_190' title='bbox 520 2623 650 2685; x_wconf 88' lang='lat' dir='ltr'>litteras</span> <span class='ocrx_word' id='word_1_191' title='bbox 674 2624 877 2704; x_wconf 85' lang='lat' dir='ltr'>nuntiosque</span> <span class='ocrx_word' id='word_1_192' title='bbox 901 2624 1001 2699; x_wconf 90' lang='lat' dir='ltr'>misit,</span> <span class='ocrx_word' id='word_1_193' title='bbox 1027 2645 1070 2687; x_wconf 91' lang='lat' dir='ltr'>ne</span> <span class='ocrx_word' id='word_1_194' title='bbox 1094 2644 1152 2688; x_wconf 90' lang='lat' dir='ltr'>eos</span> <span class='ocrx_word' id='word_1_195' title='bbox 1175 2623 1246 2688; x_wconf 79' lang='lat' dir='ltr'>fru-</span> <span class='ocrx_word' id='word_1_196' title='bbox 1331 2628 1333 2643; x_wconf 92' lang='lat'>&#39;</span> 
     </span>
    </p>
   </div>
   <div class='ocr_carea' id='block_1_8' title="bbox 137 2719 1243 2803">
    <p class='ocr_par' dir='ltr' id='par_1_8' title="bbox 137 2719 1243 2803">
     <span class='ocr_line' id='line_1_26' title="bbox 137 2719 1243 2803; baseline 0.008 -27"><span class='ocrx_word' id='word_1_197' title='bbox 137 2743 166 2793; x_wconf 82' lang='lat'>²5</span> <span class='ocrx_word' id='word_1_198' title='bbox 179 2730 294 2783; x_wconf 88' lang='lat' dir='ltr'>mento</span> <span class='ocrx_word' id='word_1_199' title='bbox 311 2741 396 2782; x_wconf 89' lang='lat' dir='ltr'>neve</span> <span class='ocrx_word' id='word_1_200' title='bbox 412 2721 476 2782; x_wconf 90' lang='lat' dir='ltr'>alia</span> <span class='ocrx_word' id='word_1_201' title='bbox 497 2741 532 2782; x_wconf 89' lang='lat' dir='ltr'>re</span> <span class='ocrx_word' id='word_1_202' title='bbox 553 2719 728 2799; x_wconf 86' lang='lat' dir='ltr'>juvarent:</span> <span class='ocrx_word' id='word_1_203' title='bbox 751 2721 807 2802; x_wconf 93' lang='lat' dir='ltr'>qui</span> <span class='ocrx_word' id='word_1_204' title='bbox 825 2721 852 2783; x_wconf 91' lang='lat' dir='ltr'>si</span> <span class='ocrx_word' id='word_1_205' title='bbox 871 2721 1048 2803; x_wconf 88' lang='lat' dir='ltr'>juvissent,</span> <span class='ocrx_word' id='word_1_206' title='bbox 1066 2742 1103 2785; x_wconf 89' lang='lat' dir='ltr'>se</span> <span class='ocrx_word' id='word_1_207' title='bbox 1118 2723 1243 2786; x_wconf 90' lang='lat' dir='ltr'>eodem</span> 
     </span>
    </p>
   </div>
   <div class='ocr_carea' id='block_1_9' title="bbox 179 2817 1333 2900">
    <p class='ocr_par' dir='ltr' id='par_1_9' title="bbox 179 2817 1333 2900">
     <span class='ocr_line' id='line_1_27' title="bbox 179 2817 1333 2900; baseline 0.003 -22"><span class='ocrx_word' id='word_1_208' title='bbox 179 2818 252 2880; x_wconf 89' lang='lat' dir='ltr'>loco</span> <span class='ocrx_word' id='word_1_209' title='bbox 269 2838 334 2900; x_wconf 92' lang='lat' dir='ltr'>quo</span> <span class='ocrx_word' id='word_1_210' title='bbox 352 2817 531 2879; x_wconf 86' lang='lat' dir='ltr'>Helvetios</span> <span class='ocrx_word' id='word_1_211' title='bbox 548 2817 748 2881; x_wconf 88' lang='lat' dir='ltr'>habiturum.</span> <span class='ocrx_word' id='word_1_212' title='bbox 798 2817 883 2898; x_wconf 88' lang='lat' dir='ltr'>lpse,</span> <span class='ocrx_word' id='word_1_213' title='bbox 902 2819 1011 2882; x_wconf 86' lang='lat' dir='ltr'>triduo</span> <span class='ocrx_word' id='word_1_214' title='bbox 1034 2819 1242 2895; x_wconf 89' lang='lat' dir='ltr'>intermisso,</span> <span class='ocrx_word' id='word_1_215' title='bbox 1331 2828 1333 2843; x_wconf 81' lang='lat'><strong>²</strong></span> 
     </span>
    </p>
   </div>
   <div class='ocr_carea' id='block_1_10' title="bbox 136 2914 1333 3969">
    <p class='ocr_par' dir='ltr' id='par_1_10' title="bbox 180 2914 1333 3097">
     <span class='ocr_line' id='line_1_28' title="bbox 180 2914 895 2996; baseline 0.001 -20"><span class='ocrx_word' id='word_1_216' title='bbox 180 2937 255 2977; x_wconf 92' lang='lat' dir='ltr'>cum</span> <span class='ocrx_word' id='word_1_217' title='bbox 273 2915 427 2978; x_wconf 90' lang='lat' dir='ltr'>omnibus</span> <span class='ocrx_word' id='word_1_218' title='bbox 445 2914 550 2994; x_wconf 94' lang='lat' dir='ltr'>copiis</span> <span class='ocrx_word' id='word_1_219' title='bbox 568 2934 625 2977; x_wconf 91' lang='lat' dir='ltr'>eos</span> <span class='ocrx_word' id='word_1_220' title='bbox 643 2914 736 2996; x_wconf 90' lang='lat' dir='ltr'>sequi</span> <span class='ocrx_word' id='word_1_221' title='bbox 754 2916 872 2996; x_wconf 90' lang='lat' dir='ltr'>coepit.</span> <span class='ocrx_word' id='word_1_222' title='bbox 891 2979 895 2986; x_wconf 71' lang='grc'><strong>,</strong></span> 
     </span>
     <span class='ocr_line' id='line_1_29' title="bbox 224 3011 1333 3097; baseline 0.003 -22"><span class='ocrx_word' id='word_1_223' title='bbox 224 3028 273 3092; x_wconf 91' lang='lat'>27.</span> <span class='ocrx_word' id='word_1_224' title='bbox 307 3013 467 3087; x_wconf 89' lang='lat' dir='ltr'>Helvetii,</span> <span class='ocrx_word' id='word_1_225' title='bbox 492 3011 641 3075; x_wconf 90' lang='lat' dir='ltr'>omnium</span> <span class='ocrx_word' id='word_1_226' title='bbox 668 3032 779 3074; x_wconf 87' lang='lat' dir='ltr'>rerum</span> <span class='ocrx_word' id='word_1_227' title='bbox 803 3011 915 3096; x_wconf 91' lang='lat' dir='ltr'>inopia</span> <span class='ocrx_word' id='word_1_228' title='bbox 937 3015 1083 3089; x_wconf 89' lang='lat' dir='ltr'>adducti,</span> <span class='ocrx_word' id='word_1_229' title='bbox 1108 3015 1244 3097; x_wconf 87' lang='lat' dir='ltr'>legatos</span> <span class='ocrx_word' id='word_1_230' title='bbox 1331 3038 1333 3085; x_wconf 62' lang='grc' dir='ltr'><em>ῖ</em></span> 
     </span>
    </p>

    <p class='ocr_par' dir='ltr' id='par_1_11' title="bbox 136 3108 1247 3969">
     <span class='ocr_line' id='line_1_30' title="bbox 179 3108 1242 3193; baseline 0.001 -21"><span class='ocrx_word' id='word_1_231' title='bbox 179 3112 220 3173; x_wconf 88' lang='lat' dir='ltr'>de</span> <span class='ocrx_word' id='word_1_232' title='bbox 255 3111 424 3173; x_wconf 88' lang='lat' dir='ltr'>deditione</span> <span class='ocrx_word' id='word_1_233' title='bbox 447 3110 489 3172; x_wconf 90' lang='lat' dir='ltr'>ad</span> <span class='ocrx_word' id='word_1_234' title='bbox 524 3129 600 3172; x_wconf 91' lang='lat' dir='ltr'>eum</span> <span class='ocrx_word' id='word_1_235' title='bbox 637 3108 810 3174; x_wconf 89' lang='lat' dir='ltr'>miserunt.</span> <span class='ocrx_word' id='word_1_236' title='bbox 874 3111 941 3193; x_wconf 79' lang='lat' dir='ltr'>Qui</span> <span class='ocrx_word' id='word_1_237' title='bbox 980 3133 1055 3175; x_wconf 89' lang='lat' dir='ltr'>curn</span> <span class='ocrx_word' id='word_1_238' title='bbox 1089 3133 1164 3176; x_wconf 92' lang='lat' dir='ltr'>eum</span> <span class='ocrx_word' id='word_1_239' title='bbox 1205 3113 1242 3174; x_wconf 90' lang='lat' dir='ltr'>in</span> 
     </span>
     <span class='ocr_line' id='line_1_31' title="bbox 136 3200 1245 3290; baseline 0.007 -27"><span class='ocrx_word' id='word_1_240' title='bbox 136 3230 168 3278; x_wconf 89' lang='lat'>30</span> <span class='ocrx_word' id='word_1_241' title='bbox 180 3209 299 3270; x_wconf 88' lang='lat' dir='ltr'>itinere</span> <span class='ocrx_word' id='word_1_242' title='bbox 324 3206 572 3281; x_wconf 87' lang='lat' dir='ltr'>convenissent,</span> <span class='ocrx_word' id='word_1_243' title='bbox 596 3227 698 3288; x_wconf 91' lang='lat' dir='ltr'>seque</span> <span class='ocrx_word' id='word_1_244' title='bbox 722 3209 763 3270; x_wconf 90' lang='lat' dir='ltr'>ad</span> <span class='ocrx_word' id='word_1_245' title='bbox 787 3211 889 3289; x_wconf 91' lang='lat' dir='ltr'>pedes</span> <span class='ocrx_word' id='word_1_246' title='bbox 914 3200 1245 3290; x_wconf 64' lang='lat' dir='ltr'>projecissent-sup</span> 
     </span>
     <span class='ocr_line' id='line_1_32' title="bbox 179 3304 1245 3389; baseline 0.002 -23"><span class='ocrx_word' id='word_1_247' title='bbox 179 3305 376 3386; x_wconf 86' lang='lat' dir='ltr'>pliciterque</span> <span class='ocrx_word' id='word_1_248' title='bbox 399 3304 501 3366; x_wconf 88' lang='lat' dir='ltr'>locuti</span> <span class='ocrx_word' id='word_1_249' title='bbox 523 3304 644 3366; x_wconf 88' lang='lat' dir='ltr'>flentes</span> <span class='ocrx_word' id='word_1_250' title='bbox 668 3325 785 3385; x_wconf 89' lang='lat' dir='ltr'>pacem</span> <span class='ocrx_word' id='word_1_251' title='bbox 807 3306 982 3386; x_wconf 91' lang='lat' dir='ltr'>petissent,</span> <span class='ocrx_word' id='word_1_252' title='bbox 1000 3306 1101 3389; x_wconf 90' lang='lat' dir='ltr'>atqu&#39;e</span> <span class='ocrx_word' id='word_1_253' title='bbox 1122 3327 1180 3370; x_wconf 90' lang='lat' dir='ltr'>eos</span> <span class='ocrx_word' id='word_1_254' title='bbox 1204 3307 1245 3368; x_wconf 92' lang='lat' dir='ltr'>in</span> 
     </span>
     <span class='ocr_line' id='line_1_33' title="bbox 180 3402 1245 3486; baseline 0.001 -21"><span class='ocrx_word' id='word_1_255' title='bbox 180 3423 219 3465; x_wconf 89' lang='lat' dir='ltr'>eo</span> <span class='ocrx_word' id='word_1_256' title='bbox 244 3402 326 3476; x_wconf 90' lang='lat' dir='ltr'>loco,</span> <span class='ocrx_word' id='word_1_257' title='bbox 355 3422 420 3483; x_wconf 93' lang='lat' dir='ltr'>quo</span> <span class='ocrx_word' id='word_1_258' title='bbox 447 3411 518 3463; x_wconf 94' lang='lat' dir='ltr'>tum</span> <span class='ocrx_word' id='word_1_259' title='bbox 551 3412 677 3476; x_wconf 89' lang='lat' dir='ltr'>essent,</span> <span class='ocrx_word' id='word_1_260' title='bbox 706 3423 803 3464; x_wconf 92' lang='lat' dir='ltr'>suum</span> <span class='ocrx_word' id='word_1_261' title='bbox 832 3402 1012 3479; x_wconf 84' lang='lat' dir='ltr'>adventum</span> <span class='ocrx_word' id='word_1_262' title='bbox 1044 3414 1245 3486; x_wconf 89' lang='lat' dir='ltr'>exspectare</span> 
     </span>
     <span class='ocr_line' id='line_1_34' title="bbox 179 3495 1242 3583; baseline 0.001 -22"><span class='ocrx_word' id='word_1_263' title='bbox 179 3500 344 3580; x_wconf 84' lang='lat' dir='ltr'>jussisset,</span> <span class='ocrx_word' id='word_1_264' title='bbox 372 3509 562 3580; x_wconf 87' lang='lat' dir='ltr'>paruerunt.</span> <span class='ocrx_word' id='word_1_265' title='bbox 617 3495 693 3562; x_wconf 77' lang='lat' dir='ltr'>2Eo</span> <span class='ocrx_word' id='word_1_266' title='bbox 718 3510 894 3582; x_wconf 89' lang='lat' dir='ltr'>postquam</span> <span class='ocrx_word' id='word_1_267' title='bbox 925 3501 1049 3564; x_wconf 90' lang='lat' dir='ltr'>Caesar</span> <span class='ocrx_word' id='word_1_268' title='bbox 1073 3502 1242 3583; x_wconf 85' lang='lat' dir='ltr'>pervenit,</span> 
     </span>
     <span class='ocr_line' id='line_1_35' title="bbox 181 3597 1247 3681; baseline 0.002 -23"><span class='ocrx_word' id='word_1_269' title='bbox 181 3597 322 3670; x_wconf 90' lang='lat' dir='ltr'>obsides,</span> <span class='ocrx_word' id='word_1_270' title='bbox 356 3617 455 3671; x_wconf 90' lang='lat' dir='ltr'>arma,</span> <span class='ocrx_word' id='word_1_271' title='bbox 490 3605 613 3671; x_wconf 89' lang='lat' dir='ltr'>servos,</span> <span class='ocrx_word' id='word_1_272' title='bbox 646 3597 702 3679; x_wconf 91' lang='lat' dir='ltr'>qui</span> <span class='ocrx_word' id='word_1_273' title='bbox 740 3598 781 3660; x_wconf 86' lang='lat' dir='ltr'>ad</span> <span class='ocrx_word' id='word_1_274' title='bbox 821 3619 878 3661; x_wconf 91' lang='lat' dir='ltr'>eos</span> <span class='ocrx_word' id='word_1_275' title='bbox 916 3597 1152 3680; x_wconf 75' lang='lat' dir='ltr'>perfugissent,</span> <span class='ocrx_word' id='word_1_276' title='bbox 1185 3620 1247 3681; x_wconf 90' lang='lat' dir='ltr'>po-</span> 
     </span>
     <span class='ocr_line' id='line_1_36' title="bbox 139 3693 1246 3774; baseline 0.005 -20"><span class='ocrx_word' id='word_1_277' title='bbox 139 3716 167 3766; x_wconf 84' lang='lat'>35</span> <span class='ocrx_word' id='word_1_278' title='bbox 180 3693 296 3773; x_wconf 89' lang='lat' dir='ltr'>poscit.</span> <span class='ocrx_word' id='word_1_279' title='bbox 360 3693 450 3758; x_wconf 93' lang='lat' dir='ltr'>Dum</span> <span class='ocrx_word' id='word_1_280' title='bbox 479 3713 518 3755; x_wconf 89' lang='lat' dir='ltr'>ea</span> <span class='ocrx_word' id='word_1_281' title='bbox 547 3693 789 3774; x_wconf 90' lang='lat' dir='ltr'>conquiruntur</span> <span class='ocrx_word' id='word_1_282' title='bbox 820 3704 853 3757; x_wconf 89' lang='lat' dir='ltr'>et</span> <span class='ocrx_word' id='word_1_283' title='bbox 882 3693 1109 3771; x_wconf 81' lang='lat' dir='ltr'>conferuntur,</span> <span class='ocrx_word' id='word_1_284' title='bbox 1138 3705 1246 3760; x_wconf 86' lang='lat' dir='ltr'>nocte</span> 
     </span>
     <span class='ocr_line' id='line_1_37' title="bbox 182 3789 1245 3875; baseline 0.007 -25"><span class='ocrx_word' id='word_1_285' title='bbox 182 3789 382 3864; x_wconf 87' lang='lat' dir='ltr'>intermissa,</span> <span class='ocrx_word' id='word_1_286' title='bbox 412 3789 545 3852; x_wconf 91' lang='lat' dir='ltr'>circiter</span> <span class='ocrx_word' id='word_1_287' title='bbox 575 3790 748 3852; x_wconf 93' lang='lat' dir='ltr'>hominum</span> <span class='ocrx_word' id='word_1_288' title='bbox 780 3791 870 3853; x_wconf 90' lang='lat' dir='ltr'>milia</span> <span class='ocrx_word' id='word_1_289' title='bbox 902 3811 937 3854; x_wconf 85' lang='lat' dir='ltr'>vr</span> <span class='ocrx_word' id='word_1_290' title='bbox 969 3792 1042 3873; x_wconf 90' lang='lat' dir='ltr'>ejus</span> <span class='ocrx_word' id='word_1_291' title='bbox 1073 3795 1151 3875; x_wconf 87' lang='lat' dir='ltr'>pagi</span> <span class='ocrx_word' id='word_1_292' title='bbox 1180 3795 1245 3875; x_wconf 91' lang='lat' dir='ltr'>qui</span> 
     </span>
     <span class='ocr_line' id='line_1_38' title="bbox 191 3886 1247 3969; baseline 0.003 -20"><span class='ocrx_word' id='word_1_293' title='bbox 191 3887 387 3969; x_wconf 81' lang='lat' dir='ltr'>Verbigenus</span> <span class='ocrx_word' id='word_1_294' title='bbox 410 3886 604 3967; x_wconf 89' lang='lat' dir='ltr'>appellatur,</span> <span class='ocrx_word' id='word_1_295' title='bbox 631 3887 700 3948; x_wconf 88' lang='lat' dir='ltr'>sive</span> <span class='ocrx_word' id='word_1_296' title='bbox 724 3887 843 3950; x_wconf 91' lang='lat' dir='ltr'>timore</span> <span class='ocrx_word' id='word_1_297' title='bbox 868 3889 1046 3969; x_wconf 88' lang='lat' dir='ltr'>perterriti,</span> <span class='ocrx_word' id='word_1_298' title='bbox 1069 3911 1113 3952; x_wconf 87' lang='lat' dir='ltr'>ne</span> <span class='ocrx_word' id='word_1_299' title='bbox 1136 3889 1247 3952; x_wconf 88' lang='lat' dir='ltr'>armis</span> 
     </span>
    </p>
   </div>
   <div class='ocr_carea' id='block_1_11' title="bbox 0 0 1345 4159">
    <p class='ocr_par' dir='ltr' id='par_1_12' title="bbox 0 0 1345 4159">
     <span class='ocr_line' id='line_1_39' title="bbox 0 0 1345 4159; baseline 0 0"><span class='ocrx_word' id='word_1_300' title='bbox 0 0 1345 4159; x_wconf 95' lang='lat' dir='ltr'> </span> 
     </span>
    </p>
   </div>
   <div class='ocr_carea' id='block_1_12' title="bbox 1330 2547 1337 4131">
    <p class='ocr_par' dir='ltr' id='par_1_13' title="bbox 1330 2547 1337 4131">
     <span class='ocr_line' id='line_1_40' title="bbox 1330 2547 1337 4131; baseline 0 0"><span class='ocrx_word' id='word_1_301' title='bbox 1330 2547 1337 4131; x_wconf 95' lang='lat' dir='ltr'> </span> 
     </span>
    </p>
   </div>
  </div>
 </body>
</html>
