2667 4159
402 182 583 265 Campazgn
606 182 741 265 against
763 182 815 245 tlte
841 181 1008 244 Germanis.
1144 194 1266 262 [Casan

204 375 483 438 committendum
518 374 732 438 existimavit.
777 370 866 437 2Est
899 372 987 436 enim
1019 371 1082 436 hoc
1115 370 1266 435 Gallicae

203 471 467 547 consuetudinis,
493 471 542 534 uti
566 480 600 534 et
624 472 772 535 viatores
796 471 897 534 etiam
923 470 1046 533 invitos
1077 469 1266 533 consistere

203 579 336 650 cogant,
362 577 395 630 et
428 567 507 650 quid
539 568 679 652 quisque
704 584 817 632 eorum
843 568 885 631 dc
910 588 1038 649 quaque
1062 587 1096 629 re
1120 566 1266 630 audierit

203 677 260 729 aut
300 664 494 747 cognoverit
535 675 719 748 quaerant;
757 675 792 728 et
830 675 1034 729 mercatores
1064 664 1098 726 in
1134 664 1266 745 oppidis

177 764 324 845 5vulgus
354 762 589 837 circumsistat,
615 763 803 847 quibusque
830 782 871 825 ex
902 762 1093 845 regionibus
1126 761 1267 824 veniant

203 880 351 942 quasque
368 859 414 922 ibi
431 879 484 923 res
508 860 729 942 cognoverint
752 860 968 943 pronuntiare
992 868 1123 941 cogant.
1172 855 1267 922 3His

204 959 304 1021 rebus
341 967 442 1039 atque
481 957 708 1021 auditionibus
747 957 891 1041 permoti
921 957 963 1021 de
995 956 1133 1021 summis
1166 975 1267 1038 saepe

205 1057 304 1119 rebus
322 1054 461 1117 consilia
480 1055 607 1129 ineunt,
627 1074 767 1137 quorum
792 1075 850 1118 eos
873 1054 908 1117 in
924 1054 1067 1137 vestigio
1092 1053 1267 1135 paenitere
1318 1066 1319 1071 ’

205 1173 343 1215 necesse
368 1162 430 1226 est,
455 1172 530 1214 cum
554 1152 693 1215 incertis
717 1152 905 1215 rumoribus
929 1152 1086 1224 serviant,
1112 1160 1146 1213 et
1172 1150 1269 1233 pleri-

127 1324 130 1330 Ι
164 1274 194 1308 ιο
205 1271 270 1332 que
286 1251 326 1312 ad
344 1250 552 1311 voluntatem
570 1269 685 1312 eorum
702 1250 781 1313 ficta
797 1250 1029 1331 respondeant.

249 1349 278 1411 6.
311 1348 387 1429 Qua
423 1348 666 1410 consuetudine
698 1347 841 1429 cognita,
875 1346 1008 1423 Caesar,
1041 1366 1083 1409 ne
1122 1346 1268 1429 graviori
1319 1388 1320 1427 ,

206 1445 294 1509 bello
324 1454 522 1517 occurreret,
548 1445 711 1507 maturius
734 1465 832 1527 quam
864 1452 1041 1508 consuerat
1073 1444 1113 1506 ad
1145 1444 1268 1507 exerci-
1319 1450 1320 1453 ’

206 1555 278 1606 tum
303 1542 533 1624 proficiscitur.
580 1537 657 1604 2Εο
696 1562 771 1606 cum
802 1542 962 1617 venisset,
994 1561 1035 1604 ea
1071 1561 1156 1625 quae
1195 1538 1267 1605 fore

207 1640 398 1721 suspicatus
426 1649 508 1714 erat,
531 1637 621 1702 facta
651 1640 831 1723 cognovit:
855 1639 974 1702 missas
1004 1638 1195 1721 legationes
1227 1640 1267 1701 ab

166 1761 194 1813 ις
209 1737 379 1800 nonnullis
419 1736 610 1799 civitatibus
647 1738 690 1799 ad
721 1736 917 1812 Germanos,
950 1737 1178 1819 invitatosque
1210 1756 1268 1800 eos

208 1836 257 1898 uti
278 1836 320 1897 ab
345 1835 467 1897 Rheno
490 1833 711 1909 discederent,
728 1834 906 1917 omniaque
929 1853 1014 1917 quae
1036 1834 1266 1916 postulassent
1320 1834 1321 1843 ‘

208 1935 250 1996 ab
273 1953 310 1995 se
333 1930 404 1994 lore
431 1941 554 2013 parata.
601 1928 704 2014 ⁸Qua
727 1951 787 2013 spe
810 1932 955 2007 adducti,
980 1931 1142 1995 Germani
1165 1931 1267 1995 latius

208 2031 424 2112 vagabantur,
456 2038 491 2092 et
522 2029 557 2092 in
589 2029 674 2093 fines
707 2029 902 2094 Eburonum
934 2040 967 2095 et
1002 2030 1265 2107 Condrusorum,

209 2128 265 2211 qui
304 2136 383 2190 sunt
422 2127 640 2189 Treverorum
680 2128 831 2203 clientes,
869 2138 1102 2211 pervenerant.
1152 2126 1269 2193 4Prin-

165 2226 338 2306 2ocipibus
370 2223 499 2287 Galliae
529 2224 686 2300 evocatio,
719 2224 844 2289 Caesar
873 2246 913 2290 ea
943 2247 1026 2310 quae
1062 2238 1267 2310 cognoverat

209 2322 449 2385 dissimulanda
482 2321 545 2385 sibi
582 2322 793 2398 existimavit,
826 2343 1007 2408 eorumque
1045 2324 1166 2389 animis
1200 2346 1270 2408 per-

210 2420 327 2483 mulsis
365 2429 397 2483 et
438 2419 653 2494 confirmatis,
686 2420 904 2503 equitatuque
934 2421 1107 2504 imperato,
1140 2421 1267 2485 bellum

210 2539 285 2581 cum
303 2516 480 2581 Germanis
496 2536 614 2599 gerere
630 2517 815 2581 constituit.

254 2630 281 2695 7.
316 2616 368 2677 Re
391 2612 609 2677 frumentaria
631 2625 824 2697 comparata
849 2615 1084 2701 equitibusque
1115 2618 1267 2693 delectis,

167 2735 196 2786 25
210 2713 275 2776 iter
296 2712 331 2775 in
355 2733 395 2775 ea
416 2712 489 2775 loca
510 2708 621 2775 facere
645 2712 765 2795 coepit,
783 2713 902 2796 quibus
926 2713 960 2777 in
983 2714 1065 2778 locis
1089 2734 1165 2778 esse
1190 2715 1270 2779 Ger·

210 2830 328 2873 manos
359 2809 522 2872 audiebat.
568 2805 627 2871 2Α
660 2809 782 2892 quibus
812 2831 889 2875 cum
920 2832 1099 2893 paucorum
1138 2813 1268 2876 dierum

211 2908 276 2971 iter
291 2908 434 2982 abesset,
461 2906 564 2988 legati
594 2907 636 2969 ab
667 2907 708 2969 iis
732 2918 906 2983 venerunt,
931 2930 1069 2991 quorum
1098 2910 1182 2973 haec
1206 2908 1270 2973 luit

211 3004 339 3067 oratio:
365 3003 572 3067 ‘Germanos
596 3023 706 3085 neque
729 3004 855 3086 priores
879 3005 1001 3087 populo
1026 3008 1179 3070 Romano
1204 3005 1270 3071 bel-

210 3102 278 3165 lum
300 3099 432 3177 inferre,
452 3122 561 3183 neque
584 3111 698 3164 tamen
721 3121 885 3181 recusare,
904 3102 931 3166 si
954 3102 1169 3180 lacessantur,
1188 3105 1268 3187 quin

168 3224 200 3271 30
211 3199 311 3262 armis
336 3199 552 3274 contendant,
575 3199 663 3280 quod
688 3197 929 3263 Germanorum
954 3202 1162 3265 consuetudo
1186 3202 1269 3265 haec

212 3297 255 3359 sit
286 3318 305 3360 a
336 3295 517 3376 majoribus
552 3295 683 3381 tradita,
715 3295 915 3379 quicumque
953 3298 1077 3361 bellum
1110 3296 1268 3373 inierant,

211 3394 368 3457 resistere
413 3412 522 3475 neque
567 3393 745 3474 deprecari.
816 3391 941 3458 3Haec
987 3404 1100 3458 tamen
1146 3396 1267 3472 dicere,

211 3491 344 3554 venisse
376 3490 507 3565 invitos,
539 3490 666 3571 ejectos
697 3492 815 3568 domo;
848 3492 875 3555 si
899 3512 991 3556 suam
1023 3493 1165 3575 gratiam
1207 3495 1270 3557 Ro

211 3588 300 3649 mani
316 3588 430 3662 velint,
449 3608 547 3668 posse
564 3588 603 3650 iis
620 3588 719 3651 utiles
739 3609 815 3653 esse
837 3590 984 3667 amicos;
1007 3590 1059 3653 vel
1084 3590 1146 3653 sibi
1170 3612 1268 3673 agros

168 3708 197 3757 35
212 3686 413 3759 adtribuant,
435 3683 488 3745 vel
511 3685 683 3764 patiantur
706 3705 764 3747 eos
789 3694 904 3749 tenere
928 3708 1010 3769 quos
1034 3687 1134 3751 armis
1159 3709 1265 3769 posse

212 3781 344 3844 derint:
375 3801 449 3843 sese
485 3781 559 3843 unis
600 3769 719 3843 Suevis
758 3784 951 3858 concedere,
983 3784 1104 3866 quibus
1142 3806 1186 3850 ne
1226 3785 1268 3849 dii
