2667 4159
232 208 290 269 1‘12'
498 192 564 268 lee
579 192 686 268 Gauls
702 215 778 268 turn
794 168 882 286 upon·
896 188 1020 268 Cesar.-
1151 189 1278 272 [CAESAR
1329 266 1330 279 ,

225 400 393 483 legionum
415 399 565 483 dejectus
588 402 630 463 ad
653 400 735 463 duas
759 400 910 473 redierat,
928 410 1038 462 tamen
1063 419 1165 461 unum
1190 420 1279 463 com·
1329 408 1330 483 f

226 502 335 565 munis
364 501 479 565 salutis
506 500 661 565 auxilium
694 502 727 563 in
756 501 925 563 celeritate
956 500 1108 581 ponebat.
1153 496 1280 563 ²Venit

225 603 355 685 magnis
379 602 554 666 itineribus
578 602 611 663 in
641 601 838 665 Nerviorum
863 600 953 664 fines
1001 600 1052 663 Ibi
1076 622 1116 663 ex
1139 603 1281 682 captivis
1329 594 1330 661 l

225 704 397 786 cognoscit
419 724 503 787 quae
522 705 609 785 apud
633 703 827 766 Ciceronem
851 712 1016 785 gerantur,
1033 713 1227 783 quantoque
1249 704 1279 764 in
1329 692 1330 697 ¹

193 804 371 888 spericulo
401 825 454 869 res
486 805 538 868 sit.
594 801 704 866 3Tum
739 803 867 866 cuidam
900 824 941 865 ex
970 802 1139 885 equitibus
1176 801 1281 865 Gallis
1329 862 1330 890 ¹

225 906 354 988 magnis
375 906 528 988 praemiis
554 905 728 986 persuadet
753 904 798 966 uti
824 904 866 966 ad
891 902 1085 967 Ciceronem
1104 902 1281 983 epistolam

224 1004 360 1071 deferat.
405 1006 528 1071 4Hanc
554 1006 691 1070 Graecis
712 1004 933 1085 conscriptam
957 1003 1076 1067 litteris
1098 1004 1212 1078 mittit,
1241 1025 1283 1067 ne

225 1108 410 1191 intercepta
436 1108 577 1189 epistola
602 1117 714 1171 nostra
738 1107 780 1168 ab
803 1105 956 1168 hostibus
980 1104 1116 1167 consilia
1140 1124 1284 1185 cognos-

225 1219 352 1272 cantur.
398 1206 459 1273 ⁶Si
484 1210 574 1272 adire
597 1229 663 1271 non
689 1206 803 1290 possit,
824 1215 935 1268 monet
961 1216 996 1267 ut
1020 1204 1183 1285 tragulam
1204 1226 1281 1267 curn

176 1334 206 1370 ιο
225 1310 366 1391 epistola
381 1311 421 1373 ad
446 1322 616 1374 amentum
639 1308 784 1390 deligata
807 1306 894 1369 intra
917 1305 1135 1389 munitionem
1154 1316 1282 1369 castro-

225 1432 297 1475 rum
319 1412 447 1482 abiciat.
495 1413 534 1475 In
559 1408 679 1475 litteris
704 1408 817 1473 scribit
842 1428 877 1470 se
901 1428 975 1470 curn
1000 1406 1187 1487 legionibus
1211 1428 1284 1488 pro-

223 1510 346 1575 fectum
365 1514 515 1577 celeriter
538 1511 669 1588 adiore;
695 1512 848 1575 hortatur
871 1518 907 1570 ut
932 1507 1104 1589 pristinam
1123 1508 1281 1571 virtutem

224 1613 372 1677 retineat.
417 1612 555 1677 6Gallus
573 1613 752 1695 periculum
767 1611 898 1685 veritus,
914 1618 949 1672 ut
966 1620 1035 1671 erat
1053 1618 1281 1691 praeceptum,

224 1715 386 1796 tragulam
410 1715 523 1777 mittit.
572 1716 666 1777 Haec
692 1734 768 1777 casu
792 1713 831 1775 ad
857 1710 971 1775 turrim
995 1709 1153 1784 adhaesit,
1172 1731 1283 1791 neque

176 1836 205 1888 15
223 1816 264 1877 ab
281 1816 403 1879 nostris
422 1816 521 1878 biduo
539 1815 775 1889 animadversa,
794 1812 891 1877 tertio
908 1811 961 1875 die
979 1831 998 1873 a
1014 1810 1154 1892 quodam
1176 1810 1283 1873 milite

223 1916 445 1997 conspicitur;
469 1916 603 1997 dempta
621 1917 661 1979 ad
684 1914 877 1979 Ciceronem
901 1910 1054 1975 defertur.
1101 1906 1186 1974 ⁷llle
1206 1932 1281 1993 per-

223 2016 341 2079 lectam
367 2017 399 2079 in
424 2028 591 2080 conventu
616 2016 757 2079 militum
782 2015 908 2089 recitat,
931 2012 1138 2094 maximaque
1162 2032 1281 2075 omnes

222 2115 345 2180 laetitia
361 2116 471 2181 afficit.
517 2119 603 2180 Tum
627 2114 708 2180 sumi
732 2115 957 2180 incendiorum
987 2111 1099 2195 procul
1124 2110 1281 2175 videban-

221 2225 283 2292 tur,
308 2238 468 2300 quaeres
492 2238 623 2281 omnem
651 2216 894 2294 dubitationem
918 2221 1079 2284 adventus
1108 2217 1280 2301 legionum

172 2318 355 2399 aoexpulit.

265 2436 315 2500 49.
342 2417 437 2494 Galli,
455 2440 489 2482 re
513 2419 646 2501 cognita
670 2440 729 2501 per
751 2420 983 2502 exploratores,
1000 2417 1209 2485 obsidionem
1235 2443 1282 2485 re·

221 2517 397 2602 linquunt;
434 2520 476 2583 ad
513 2520 688 2584 Caesarem
723 2522 876 2584 omnibus
913 2523 1016 2605 copiis
1050 2523 1282 2585 contendunt:

221 2620 303 2682 haec
333 2632 427 2683 erant
458 2633 583 2683 armata
614 2621 746 2684 circiter
777 2622 867 2685 milia
901 2618 1094 2705 sexaginta.²
1149 2621 1282 2697 Cicero,

221 2720 299 2783 data
321 2718 487 2794 facultate,
505 2720 635 2784 Gallum
657 2722 699 2785 ab
723 2723 839 2786 eodem
864 2724 1045 2787 Verticone
1061 2742 1156 2805 quem
1181 2744 1284 2805 supra

175 2838 205 2891 25
222 2822 520 2885 demonstravimus
544 2822 674 2903 repetit,
698 2824 753 2906 qui
781 2824 908 2887 litteras
933 2824 973 2886 ad
999 2824 1175 2887 Caesarem
1201 2822 1285 2887 refe-

222 2933 293 2997 rat;
318 2923 405 2984 hunc
423 2923 579 2985 admonet
603 2922 664 2985 iter
689 2934 785 2987 caute
802 2925 1043 3006 diligenterque
1066 2920 1186 2999 faciat3
1211 2946 1285 3006 per-

222 3022 337 3085 scribit
360 3022 392 3085 in
414 3022 532 3086 litteris
556 3024 667 3087 hostes
690 3026 731 3087 ab
748 3045 784 3087 se
800 3024 1002 3100 discessisse,
1019 3045 1220 3105 omnemque
1241 3027 1284 3087 ad

222 3142 297 3185 eum
325 3124 570 3187 multitudinem
598 3124 812 3188 convertisse.
859 3122 1012 3207 ³Quibus
1040 3124 1159 3187 litteris
1186 3124 1285 3187 circi·

222 3232 274 3286 ter
292 3225 399 3287 media
421 3236 519 3287 nocte
544 3225 667 3288 Caesar
691 3224 807 3299 allatis,
825 3247 903 3288 suos
926 3223 1003 3288 lacit
1026 3224 1194 3299 certiores
1212 3245 1286 3287 eos-

176 3351 207 3401 30
223 3344 286 3404 que
303 3326 343 3386 ad
360 3325 583 3387 dimicandum
602 3326 713 3388 animo
730 3326 910 3411 confirmat.
923 3322 969 3413 “¹4
980 3326 1114 3388 Postero
1131 3324 1186 3387 die
1206 3324 1286 3389 lucc

224 3425 329 3506 prima
350 3436 459 3488 movet
485 3433 601 3498 castra,
618 3436 651 3488 et
676 3426 806 3489 circiter
830 3426 919 3488 milia
941 3446 1095 3505 passuum
1121 3435 1286 3507 quattuor

224 3545 426 3606 progressus
442 3537 533 3588 trans
549 3527 667 3588 vallem
685 3535 717 3588 et
737 3525 842 3589 rivum
863 3526 1106 3589 multitudinem
1132 3525 1283 3589 hostiurn

224 3625 441 3706 conspicatur.
487 3622 593 3688 ⁵Erat
624 3626 735 3707 magni
761 3626 897 3708 periculi
931 3646 983 3689 res
1009 3626 1145 3689 tantulis
1173 3626 1284 3707 copiis

224 3726 338 3808 iniquo
362 3726 434 3789 loco
461 3726 637 3789 dimicare:
676 3736 755 3799 tum,
781 3728 935 3809 quoniam
967 3727 1137 3790 obsidione
1165 3726 1286 3791 libera-

178 3838 207 3891 35
225 3836 294 3888 tum
324 3826 519 3890 Ciceronem
536 3827 681 3911 sciebat,
705 3847 809 3909 aequo
837 3828 946 3890 animo
971 3828 1205 3891 remittendum
1242 3830 1284 3891 de

226 3926 394 3991 celeritate
419 3927 637 3991 existimabat.
683 3923 875 4002 ⁶Consedit,
897 3940 934 3990 et·
956 3948 1054 4010 quam
1078 3927 1284 4010 aequissimo
