2667 4159
60 206 85 255 Β,
98 205 126 254 G,
140 205 160 256 Ι,
175 203 234 272 53.]
259 188 437 269 Desperare
452 186 563 249 Iattle
584 187 665 249 witlc
687 187 739 248 tlte
763 185 931 255 Germans.
1102 203 1141 264 33

93 397 133 460 52.
159 379 284 443 Caesar
316 377 456 460 singulis
488 377 676 459 legionibus
708 377 858 459 singulos
896 378 1026 460 legatos
1064 387 1119 440 et¹

55 488 249 559 quaestorem
274 473 445 557 praefecit,
471 476 519 538 uti
545 495 602 538 eos
625 484 733 538 testes
765 495 844 538 suae
875 476 1015 558 quisque
1039 475 1100 536 vir-

55 576 123 638 tutis
145 575 304 650 haberet;
336 573 408 655 ipse
432 593 452 634 a
474 574 590 635 dextro
615 593 727 648 cornu,
752 574 839 654 quod
864 593 936 635 eam
969 581 1099 652 partem

54 672 174 734 minime
198 673 329 733 firmam
354 670 501 732 hostium
526 691 601 733 esse
625 670 915 744 animadverterat,
936 669 1098 751 proelium

53 769 213 834 commisit.
262 765 340 830 2lta
371 767 476 830 nostri
508 768 631 831 acriter
661 767 696 829 in
727 768 852 842 hosteS,
886 767 982 849 signo
1010 768 1097 841 dat0,
1129 789 1142 840 5

53 869 199 948 impetum
223 865 388 940 fecerunt,
414 865 537 948 ita-que
568 866 685 928 hostes
718 874 856 946 repente
880 865 1099 946 celeriterque

54 976 284 1044 procurrerunt,
303 973 338 1025 ut
364 963 508 1044 spatium
532 961 600 1045 pila
624 962 657 1024 in
682 964 797 1025 hostes
822 961 1009 1025 coniciendi
1032 981 1099 1023 non

54 1063 181 1124 daretur.
244 1061 398 1142 Reiectis
438 1059 523 1142 pilis,
564 1059 716 1123 cominus
755 1059 873 1141 gladiis
912 1068 1099 1140 pugnatum

54 1171 103 1221 cst.
164 1158 236 1220 ³At
278 1158 437 1222 Germani
475 1157 637 1232 celeriter,
679 1178 719 1219 ex
757 1157 1002 1220 consuetudine
1040 1177 1100 1218 sua

54 1257 202 1339 phalange
233 1255 332 1330 lacta,
366 1256 512 1337 impetus
545 1255 730 1337 gladiorum
764 1264 975 1334 exceperunt.
1037 1255 1144 1315 Re-ro

55 1355 126 1433 perri
155 1364 233 1417 sunt
265 1352 454 1433 complures
484 1353 591 1415 nostri
615 1351 749 1425 milites,
775 1351 831 1432 qui
855 1351 889 1412 in
914 1352 1099 1433 phalangas

55 1451 213 1528 insilirent,
246 1461 281 1513 et
320 1460 415 1513 scuta
454 1450 609 1512 manibus
647 1448 857 1522 revellerent,
890 1460 923 1511 et
955 1449 1100 1529 desuper

56 1550 258 1612 vulnerarent.
321 1545 430 1610 4Cum
471 1547 617 1609 hostium
655 1545 745 1610 acies
777 1564 797 1608 a
828 1545 963 1608 sinistro
995 1567 1099 1610 cornu

57 1636 138 1724 pulsa
153 1637 264 1728 ¹atque
298 1645 332 1708 iu
362 1642 475 1727 fugam
502 1664 664 1708 conversa
687 1652 788 1717 esset,
812 1662 833 1705 a
854 1644 971 1707 dextro
995 1665 1100 1708 cornu

57 1744 258 1806 vehementer
274 1742 491 1806 multitudine
515 1762 650 1805 suorum
675 1751 823 1804 nostram
847 1741 951 1804 aciem
975 1762 1143 1824 preme-15

58 1840 132 1903 bant.
176 1837 239 1903 5ld
264 1861 340 1903 cum
364 1841 654 1903 animadvertisset
681 1841 712 1904 P.
732 1841 874 1904 Crassus
890 1841 1098 1914 adulescens,

58 1938 103 2016 qui
130 1938 289 2020 equitatui
321 1948 482 2018 praeerat,
508 1939 596 2019 quod
627 1938 814 2020 expeditior
845 1949 916 2002 erat
947 1959 1046 2019 quam
1078 1937 1100 1998 ii

58 2035 103 2113 qui
130 2036 213 2097 inter
243 2035 348 2097 aciem
373 2035 600 2110 versabantur,
627 2035 761 2098 tertiam
789 2035 893 2099 aciem
925 2034 1102 2098 laboranti-

59 2131 109 2192 bus
124 2133 241 2195 nostris
258 2132 407 2194 subsidio
424 2132 523 2194 misit.

96 2243 137 2307 53.
161 2230 213 2293 Ita
235 2229 397 2310 proelium
423 2229 617 2292 restitutum
641 2239 704 2308 est,
721 2239 824 2312 atque
846 2250 964 2292 omnes
983 2231 1100 2317 hostes
1113 2251 1145 2286 20

59 2335 139 2406 terga
159 2337 340 2400 verterunt,
366 2346 473 2408 neque
506 2327 596 2408 prius
622 2324 740 2409 lugere
763 2327 976 2400 destiterunt,
999 2339 1099 2408 'quam

59 2423 92 2483 ad
112 2424 229 2487 flumen
256 2425 423 2499 Rhenum,
449 2424 540 2486 milia
563 2444 722 2506 passuum
747 2445 850 2488 exeo
875 2424 947 2487 loco
971 2424 1102 2487 circiter

60 2520 282 2603 quinquaginta
312 2531 545 2602 pervenerunt.
596 2518 675 2585 ²lbi
707 2522 864 2605 perpauci
894 2532 950 2584 aut
975 2522 1101 2584 viribus

61 2619 159 2681 conlisi
181 2630 313 2682 tranare
337 2619 595 2695 contenderunt,
615 2629 672 2683 aut
696 2619 853 2682 lintribus
875 2619 1020 2681 inventis
1037 2619 1101 2681 sibi

63 2713 417 2798 salutempepererunt.
467 2716 507 2778 ln
532 2716 584 2778 his
611 2714 675 2780 fuit
704 2717 908 2791 Ariovistus,
934 2717 989 2799 qui
1013 2717 1102 2778 navi·
1114 2738 1144 2790 25

64 2811 151 2874 culam
173 2814 353 2894 deligatam
377 2814 418 2876 ad
442 2813 547 2894 ripam
573 2823 693 2877 nactus
709 2834 749 2877 ea
765 2811 931 2895 profugit:
955 2814 1102 2897 reliquos

62 2924 160 2972 omnes
183 2911 332 2993 equitatu
358 2911 532 2973 consecuti
557 2911 662 2974 nostri
686 2909 936 2975 interfecerunt.
982 2909 1102 3001 3Duae

61 2999 176 3069 luerunt
207 3007 373 3070 Ariovisti
409 3028 536 3084 uxorea,
570 3028 636 3070 una
676 3008 787 3073 Sueva
824 3009 970 3083 natione,
1002 3029 1101 3090 quam

61 3101 143 3165 domo
176 3126 288 3168 secum
321 3106 468 3180 duxerat,
501 3106 607 3168 altera
638 3105 771 3181 Norica,
804 3108 893 3188 regis
924 3106 1102 3168 Voccionis

61 3217 147 3275 soror,
170 3223 266 3284 quam
292 3202 326 3264 in
351 3202 459 3266 Gallia
481 3203 621 3266 duxerat
644 3224 664 3266 a
688 3201 790 3267 fratre
815 3204 973 3266 missam:
998 3214 1104 3266 utrae·
1115 3227 1147 3276 30

60 3299 165 3374 quein
196 3319 235 3362 ea
264 3297 345 3381 fuga
376 3300 555 3382 perierunt.
603 3301 701 3364 Duae
732 3302 819 3363 filiae
850 3302 965 3363 harum
999 3302 1103 3363 altera

59 3395 162 3471 occisa,
193 3397 298 3460 altera
337 3406 436 3478 capta
465 3407 529 3460 est.
585 3395 713 3461 4Gaius
744 3397 899 3460 Valerius
932 3398 1101 3472 Procillus

58 3509 121 3553 cum
138 3515 156 3556 a
172 3495 366 3557 custodibus
390 3495 425 3558 in
448 3493 528 3577 luga
550 3495 646 3558 trinis
664 3496 792 3574 catenis
808 3496 942 3558 vinctus
959 3498 1104 3559 trahere·
1121 3568 1123 3571 ¹

58 3594 112 3662 tur,
128 3590 158 3652 in
179 3592 287 3673 ipsum
313 3591 501 3667 Caesarem,
519 3594 633 3656 hostes
658 3593 808 3675 equitatu
831 3604 1100 3674 persequentem,

58 3682 169 3752 incidit.
214 3685 334 3771 ⁵Quae
351 3690 483 3771 quidem
501 3711 554 3754 res
573 3691 709 3754 Caesari
726 3712 794 3753 non
816 3691 979 3752 minorem
1004 3711 1102 3773 quam
1116 3710 1145 3762 35

60 3779 121 3860 ipsa
142 3786 276 3892 victoria
298 3787 504 3870 voluptatem
530 3788 660 3864 adtulit,
679 3789 767 3870 quod
791 3788 961 3861 hominem
986 3789 1103 3848 hones-
