2667 4159
165 168 207 243 84
463 166 555 228 First
576 168 733 229 Invasion
757 169 798 248 of
813 167 955 229 Britain.
1147 181 1249 250 [cnsn

208 356 281 419 dies
298 357 481 420 maritimos
497 368 612 422 aestus
632 360 795 421 maximos
819 359 853 421 in
878 360 1014 423 Oceano
1038 358 1168 422 efficere
1190 378 1251 421 con-

208 453 326 528 suevit,
345 456 536 537 nostrisque
553 456 585 518 id
608 465 680 519 erat
700 456 917 538 incognitum.
967 456 1019 519 Ita
1034 476 1102 518 uno
1117 465 1251 536 tempore

208 559 242 613 et
261 550 380 633 longas
404 572 516 626 naves,
539 553 660 635 quibus
685 552 810 617 Caesar
831 554 1017 616 exercitum
1043 563 1253 634 transportan-

208 649 286 710 dum
312 659 494 725 curaverat,
520 670 668 732 quasque
692 651 725 713 in
755 652 882 713 aridum
916 651 1129 725 subduxerat,
1152 660 1253 713 aestus
1305 688 1306 694 κ

182 745 455 827 scompleverat3
505 756 539 809 et
577 748 754 824 onerarias,
794 769 878 831 quae
917 750 958 811 ad
995 768 1134 810 ancoras
1171 753 1253 810 erant
1305 771 1306 810 3

208 842 382 924 deligatae,
422 854 606 925 tempestas
645 846 848 920 adflictabat,
889 866 996 928 neque
1034 845 1103 907 ulla
1144 845 1254 907 nostris

209 937 349 1003 facultas
388 951 445 1003 aut
483 942 739 1005 administrandi
788 953 843 1005 aut
892 943 1071 1005 auxiliandi
1118 944 1252 1021 dabatur.
1303 939 1307 948 '

207 1033 463 1118 ²Compluribus
502 1040 642 1103 navibus
673 1037 796 1114 fractis
823 1041 966 1122 reliquae
998 1060 1073 1103 cum
1100 1049 1255 1102 essent-

208 1131 352 1210 funibuS,
385 1136 517 1199 ancoris
549 1137 751 1219 reliquisque
782 1138 998 1201 armamentis
1029 1136 1255 1199 amissis-ad

168 1254 198 1287 ιο
209 1231 435 1312 navigandum
466 1233 611 1309 inutiles,
645 1255 767 1315 magna
809 1234 853 1315 (id
895 1235 983 1316 quod
1026 1254 1165 1297 necesse
1194 1243 1255 1295 erat

209 1328 371 1409 accidere)
399 1330 503 1393 totius
534 1332 703 1393 exercitus
727 1332 934 1413 perturbatio
964 1329 1054 1393 iacta
1077 1342 1138 1394 est.
1184 1328 1257 1392 3Ne-

209 1446 273 1507 que
296 1426 386 1489 enim
410 1447 514 1489 naves
537 1438 633 1490 erant
655 1429 750 1503 aliae,
775 1430 895 1510 quibus
919 1428 1080 1509 reportari
1108 1438 1256 1509 possent;
1305 1423 1309 1434 '

210 1532 243 1585 et
260 1524 371 1585 omnia
387 1525 524 1587 de'e'rant
541 1545 626 1606 quae
642 1527 684 1588 ad
700 1526 896 1589 reficiendas
913 1546 1015 1589 naves
1046 1536 1142 1588 erant
1173 1524 1256 1599 usui;

209 1630 253 1694 et,
271 1620 358 1702 quod
380 1622 535 1684 omnibus
557 1623 733 1686 constabat
756 1623 894 1685 hiemari
914 1623 947 1685 in
973 1624 1081 1686 Gallia
1104 1626 1255 1704 oportere,
1309 1624 1310 1639 ²

168 1740 196 1792 15
208 1716 415 1781 frumentum
438 1718 490 1781 his
514 1720 548 1781 in
572 1719 652 1783 locis
676 1720 711 1781 in
735 1721 879 1784 hiemem
904 1720 1072 1801 provisum
1097 1741 1163 1783 non
1187 1728 1255 1781 erat.

256 1832 305 1893 30.
338 1815 471 1896 Quibus
518 1817 617 1879 rebus
660 1817 815 1899 cognitis
856 1818 1024 1899 principes
1065 1816 1256 1889 Britanniae,

211 1912 267 1994 qui
290 1921 366 1992 post
396 1914 558 1992 proelium
582 1915 623 1993 ad
656 1913 835 1977 Caesarem
858 1924 1094 1989 convenerant,
1121 1914 1206 1977 inter
1227 1932 1257 1974 se

211 2009 386 2084 conlocuti,
404 2030 479 2072 cum
501 2012 632 2092 equites
652 2021 686 2074 et
707 2032 808 2075 naves
833 2022 866 2075 et
882 2010 1087 2075 frumentum
1107 2006 1257 2074 Romanis
1310 2036 1311 2071 3

211 2108 309 2169 deese
340 2105 586 2188 intellegerent,
611 2118 645 2171 et
677 2110 879 2190 paucitatem
904 2110 1046 2171 militum
1078 2129 1119 2171 ex
1149 2118 1259 2172 castro-

168 2224 283 2265 20rum
314 2204 497 2285 exiguitate
528 2216 932 2289 cognoscerent—quae
956 2207 1019 2270 hoc
1042 2216 1138 2269 erant
1168 2206 1257 2269 etiarn

211 2300 413 2383 angustiora,
445 2303 533 2383 quod
566 2302 639 2365 sine
678 2303 929 2384 impedimentis
962 2304 1086 2366 Caesar
1120 2303 1258 2384 legiones

210 2400 735 2481 transportaverat—optimum
771 2398 863 2463 factu
895 2421 969 2464 esse
1009 2402 1183 2475 duxerunt,
1220 2419 1259 2460 re-

211 2495 355 2558 bellione
388 2492 485 2570 iacta,
518 2494 689 2560 frumento
720 2508 973 2580 commeatuque
1005 2508 1138 2560 nostros
1162 2494 1278 2579 probi-⁴

211 2594 298 2667 bere,
316 2603 351 2656 et
373 2613 442 2656 rem
465 2594 498 2655 in
519 2595 665 2657 hiemem
690 2595 893 2676 producere;
917 2597 1004 2676 quod
1025 2595 1076 2658 his
1094 2594 1257 2678 superatis

168 2712 198 2764 25
210 2700 267 2754 aut
299 2690 410 2753 reditu
441 2691 641 2767 interclusis,
666 2691 836 2755 neminem
863 2702 981 2773 postea
1003 2692 1081 2755 belli
1105 2688 1258 2755 inferendi

210 2807 311 2849 causa
340 2786 375 2849 in
407 2787 613 2851 Britanniam
636 2790 855 2858 transiturum
879 2790 1101 2853 confidebant.
1151 2790 1258 2870 Itaque

211 2904 324 2949 rursus
346 2884 578 2965 conjuratione
600 2882 699 2961 iacta,
719 2886 878 2968 paulatim
903 2907 943 2950 ex
962 2887 1080 2950 castris
1097 2887 1258 2951 discedere

210 3002 249 3045 ac
265 3000 344 3043 suos
360 2982 445 3045 clam
462 3002 503 3043 ex
519 2982 607 3064 agris
624 2984 790 3047 deducere
805 2994 995 3065 coeperunt.

255 3096 304 3158 31.
338 3078 387 3141 At
420 3078 553 3154 Caesar,
578 3081 642 3143 etsi
671 3082 818 3143 nondum
850 3101 963 3144 eorum
988 3082 1128 3145 consilia
1150 3068 1259 3163 cogno}
1310 3086 1312 3097 ⁴

168 3185 312 3251 30verat,
337 3185 452 3239 tamen
477 3187 513 3241 et
537 3198 577 3240 ex
603 3188 728 3241 eventu
754 3178 889 3241 navium
918 3200 1060 3253 suarum,
1093 3189 1128 3243 et
1158 3200 1197 3241 ex
1225 3194 1258 3237 eo

210 3274 298 3355 quod
321 3273 455 3337 obsides
482 3275 560 3338 dare
587 3274 846 3351 intermiserant,
870 3273 941 3338 lore
966 3276 998 3337 id
1029 3278 1117 3357 quod
1148 3272 1269 3339 accidit¹

211 3370 451 3452 suspicabatur.
501 3372 619 3455 Itaque
654 3375 696 3435 ad
727 3393 843 3435 omnes
875 3393 972 3436 casus
1006 3374 1153 3436 subsidia
1183 3390 1259 3435 com-

211 3469 355 3549 parabat.
417 3465 525 3531 ²Nam
564 3479 597 3533 et
634 3467 840 3533 frumentum
880 3491 920 3532 ex
955 3470 1044 3551 agris
1080 3470 1201 3534 cotidie
1229 3466 1256 3527 in

211 3576 319 3628 castra
350 3564 551 3641 conferebat,
576 3576 609 3629 et
641 3588 725 3648 quae
761 3567 957 3661 gravissime
989 3567 1142 3631 adflictae
1172 3570 1256 3629 erant

169 3684 197 3736 35
211 3683 321 3736 naves,
348 3683 460 3725 earum
491 3664 630 3726 materia
660 3674 761 3745 atque
792 3684 867 3727 aere
891 3665 931 3727 ad
956 3665 1098 3747 reliquas
1123 3664 1257 3728 reficien-

212 3760 270 3824 das
303 3759 483 3837 utebatur,
507 3768 540 3821 et
573 3779 658 3841 quae
688 3761 729 3822 ad
760 3780 817 3823 eas
841 3781 893 3825 res
918 3771 1012 3838 erant
1036 3762 1110 3825 usui
1133 3783 1172 3825 ex
1194 3776 1257 3823 con-

565 3861 577 3891 9
