2667 4159
1306 88 1319 137 i

213 193 274 255 104
463 173 595 249 Attack,
611 196 652 237 on
667 175 721 237 his
736 175 822 237 Line
834 178 875 257 of
884 176 1009 239 March.
1134 174 1258 245 [CAESAR

253 386 303 448 31.
329 366 551 448 Consurgitur
573 388 614 429 ex
637 367 775 430 consilio
790 389 796 442 ;
825 370 1111 449 comprehendunt
1137 380 1259 433 utrum·
1318 416 1319 439 .

208 490 280 552 que,
298 481 331 532 et
354 480 457 543 orant,
478 468 546 529 ‘Ne
571 489 630 530 sua
653 469 859 531 dissensione
884 482 916 533 et
941 470 1123 551 pertinacia
1139 492 1209 533 rem
1227 471 1255 532 in

208 590 371 633 summum
390 569 571 651 periculum
588 570 772 647 deducant;
796 567 926 633 facilem
940 592 1012 633 esse
1026 592 1103 645 rem,
1119 591 1178 633 seu
1196 592 1258 633 ma·

207 682 317 743 neaot,
336 691 395 733 seu
415 669 675 751 proficiscantur,
692 669 719 732 si
739 672 836 734 modo
856 693 955 734 unum
977 692 1092 735 omnes
1114 672 1258 735 sentiant

175 790 188 843 5
207 792 244 834 ac
261 772 401 852 probent
415 792 422 847 ;
446 782 563 833 contra
577 771 609 832 in
623 771 831 835 dissensione
846 774 965 835 nullam
980 794 1016 837 se
1029 773 1171 837 salutem
1189 794 1258 855 per·

206 870 350 952 spicere’
374 868 464 934 2Res
475 872 699 953 disputatione
711 873 750 934 ad
763 872 903 935 mediam
917 885 1046 937 noctem
1058 874 1256 954 perducitur.

205 973 356 1035 Tandem
378 973 434 1033 dat
460 971 558 1035 Cotta
581 983 751 1053 permotus
776 994 912 1049 manus;
938 984 1070 1055 superat
1094 974 1259 1037 sententia

208 1072 330 1137 Sabini.
379 1073 615 1136 Pronuntiatur
637 1074 744 1155 prima
767 1074 841 1137 luce
862 1074 975 1137 ituros.
1021 1071 1266 1137 ³C0nsumitur·
1318 1086 1319 1135 t

205 1174 327 1255 vigiliis
350 1174 477 1256 reliqua
500 1195 576 1255 pars
602 1175 717 1250 noctis,
734 1195 809 1237 cum
834 1196 894 1237 sua
914 1175 1175 1259 quisquam-iles
1199 1176 1258 1239 cir·

158 1274 435 1355 rocumspiceret‚
463 1274 540 1356 quid
570 1295 683 1337 secum
716 1287 846 1356 portare
879 1288 1002 1357 posset,
1030 1276 1108 1358 quid
1141 1298 1183 1340 ex
1213 1277 1258 1339 in·
1318 1268 1319 1321 l

205 1386 389 1438 strumento
423 1376 635 1438 hibernorum
671 1376 857 1459 relinquere
892 1387 1073 1457 cogeretur.
1136 1377 1258 1443 Omnia

205 1476 443 1557 excogitantur,
462 1497 562 1558 quare
586 1497 646 1539 nec
672 1476 743 1539 sine
767 1475 913 1557 periculo
939 1487 1121 1552 maneatur,
1139 1488 1174 1541 et
1191 1479 1257 1541 lan·

204 1598 306 1659 guore
334 1577 473 1639 militum
498 1587 531 1640 et
558 1576 679 1657 vigiliis
707 1577 887 1658 periculum
913 1587 1081 1659 augeatur.
1127 1575 1258 1642 4Prima

204 1679 276 1740 luce
294 1677 341 1740 sic
358 1698 398 1740 ex
414 1677 531 1740 castris
556 1677 812 1758 proficiscuntur
832 1688 867 1740 ut
883 1678 1002 1760 quibus
1019 1688 1107 1741 esset
1127 1700 1258 1761 persua-

158 1804 186 1857 15
204 1799 286 1851 sum,
311 1799 377 1841 non
405 1779 448 1840 ab
476 1778 572 1840 hoste
599 1779 656 1839 sed
682 1779 723 1840 ab
750 1778 882 1841 homine
910 1778 1112 1841 amicissimo
1141 1780 1257 1842 Ambi-

203 1878 294 1961 orige
322 1877 493 1941 consilium
518 1879 643 1954 datum,
667 1878 861 1959 longissimo
885 1880 1016 1960 agmine
1041 1880 1256 1965 maximisque

204 1978 460 2061 impedimentis.

249 2097 299 2159 32.
325 2079 374 2141 At
396 2080 520 2154 hostes,
540 2090 754 2163 posteaquam
777 2100 817 2141 ex
840 2089 1001 2142 nocturno
1023 2078 1156 2143 fremitu
1177 2082 1255 2165 vigi-

203 2179 322 2263 liisque
338 2181 379 2243 de
396 2177 600 2261 profectione
617 2200 730 2242 eorum
744 2190 927 2255 senserunt,
941 2182 1108 2245 collocatis
1127 2182 1254 2246 insidiis

155 2307 186 2343 20
204 2282 361 2362 bipartito
385 2281 417 2342 in
439 2281 529 2343 silvis
554 2291 739 2361 opportuno
763 2291 862 2363 atque
886 2283 1015 2345 occulto
1040 2283 1122 2359 loco,
1139 2305 1158 2347 a
1175 2285 1254 2347 mili-

204 2384 265 2446 bus
300 2403 457 2463 passuum
489 2381 619 2444 circiter
648 2382 788 2457 duobus,
821 2384 1044 2447 Romanorum
1077 2387 1253 2449 aduentum

203 2485 442 2566 exspectabant
455 2504 462 2561 ;
486 2480 542 2546 ²et
565 2505 640 2547 cum
661 2506 697 2549 se
721 2487 826 2569 major
850 2510 924 2570 pars
945 2488 1086 2570 agminis
1112 2488 1144 2551 in
1168 2509 1254 2569 tnag-

203 2607 279 2649 nam
302 2587 484 2650 convallem
508 2586 707 2662 demisisset,
725 2611 764 2651 ex
787 2604 926 2673 utraque
950 2601 1041 2671 parte
1065 2590 1137 2673 ejus
1163 2588 1253 2653 vallis

204 2688 314 2751 subito
331 2710 366 2751 se
382 2690 608 2762 ostenderunt,
628 2690 891 2775 novissimosque
911 2711 1060 2772 premere
1080 2699 1113 2753 et
1133 2690 1253 2771 primos

155 2813 185 2865 ²5
204 2790 377 2869 probibere
401 2812 551 2865 ascensu,
569 2804 669 2876 atque
693 2792 901 2876 iniquissimo
926 2791 1048 2855 nostris
1074 2791 1146 2853 loco
1163 2811 1253 2873 proe-

203 2890 282 2953 lium
300 2893 507 2955 committere
523 2904 714 2974 coeperunt.

249 3009 298 3071 33.
326 2994 412 3055 Tum
429 2995 561 3056 demum
587 2995 745 3067 Titurius,
763 2993 818 3078 qui
842 2994 924 3057 n'ihil
946 3002 1023 3057 ante
1047 2992 1252 3077 providisset,

204 3094 368 3173 trepidare
395 3105 428 3157 et
459 3116 656 3158 concursare
688 3097 907 3178 cohortesque
938 3095 1133 3174 disponere;
1174 3095 1252 3156 haec

204 3202 314 3255 tamen
332 3194 403 3275 ipsa
426 3195 540 3257 timide
556 3205 654 3278 atque
671 3206 707 3258 ut
730 3217 804 3258 eum
821 3196 932 3258 omnia
948 3177 1088 3257 deficere
1105 3190 1252 3257 videren-

154 3315 185 3365 30
204 3306 277 3371 tur;
302 3297 387 3377 quod
414 3297 604 3380 plerumque
624 3298 663 3360 iis
680 3297 830 3361 accidere
847 3297 1028 3370 consuevit,
1045 3295 1101 3378 qui
1126 3296 1157 3357 in
1184 3296 1252 3377 ipso

204 3397 337 3477 negotio
356 3397 529 3459 consilium
550 3418 667 3479 capere
687 3410 858 3479 coguntur.
903 3396 974 3460 2At
998 3397 1105 3471 Cotta,
1125 3397 1182 3479 qui
1203 3417 1253 3459 co·

204 3497 344 3576 gitasset
372 3498 453 3560 haec
480 3518 577 3578 posse
604 3499 636 3559 in
666 3498 783 3561 itinere
808 3499 964 3572 accidere,
989 3509 1087 3579 atque
1116 3499 1159 3560 ob
1183 3516 1251 3559 eam

204 3616 336 3659 causam
372 3596 586 3678 profectionis
621 3610 737 3661 auctor
770 3620 835 3661 non
872 3596 997 3673 luisset,
1029 3597 1117 3660 nulla
1153 3598 1186 3660 in
1221 3618 1253 3658 re

205 3699 371 3759 communi
391 3698 489 3760 saluti
507 3700 627 3767 deerat.
648 3710 680 3761 et
701 3699 732 3761 in
754 3701 955 3781 appellandis
976 3699 1253 3780 cohortandisque

17 3799 19 3870 l
156 3813 186 3863 35
205 3796 365 3859 militibus
393 3797 609 3877 imperatoris,
633 3809 666 3859 et
695 3799 726 3860 in
756 3821 867 3880 pugna
892 3800 1005 3862 militis
1029 3798 1137 3861 officia
1165 3819 1253 3879 prae-

206 3895 323 3958 stabat.
370 3893 477 3960 3Cum
502 3908 636 3979 propter
658 3898 899 3978 longitudinem
917 3899 1059 3981 agminis
1077 3899 1189 3961 minus
1207 3896 1252 3960 fa·
1284 3889 1297 3992 5¹
