2667 4159
73 148 106 201 Β·
123 147 161 201 G·
175 148 212 201 V·
228 145 287 216 55·]
333 147 476 211 Restless
496 147 682 228 Tempcrof
692 146 744 209 tlte
761 144 870 207 Gauls.
1071 162 1127 227 115

71 347 204 410 initium
237 343 317 408 belli
348 343 442 406 fieret
472 341 696 423 explorabant,
725 351 954 425 nocturnaque
985 340 1018 403 in
1048 339 1130 406 locis

69 448 213 513 desertis
242 445 384 509 concilIa
411 443 585 506 habebant.
631 438 773 525 ⁵Neque
802 441 902 503 ullum
931 438 999 503 iere
1028 443 1130 505 totius

69 551 191 616 hiemis
225 561 356 628 tempus
390 544 460 607 sine
491 543 712 606 sollicitudine
745 542 897 605 Caesaris
933 541 1130 616 intercessit,

69 655 150 736 quin
180 652 323 734 aliquem
350 647 391 708 de
419 644 564 708 consiliis
593 664 630 706 ac
659 655 750 705 motu
780 642 947 705 Gallorum
976 643 1129 707 nuntium

68 754 246 836 acciperet.
306 747 371 811 6In
389 746 441 808 bis
466 745 507 808 ab
533 745 569 808 L.
589 742 712 807 Roscio
732 740 953 828 [quaestore]‚
972 764 1068 826 quem
1086 745 1129 807 le·
1149 762 1162 815 5

67 855 161 937 gioni
186 848 456 915 tertiaedecimae
477 842 686 927 praefecerat,
704 843 823 905 certior
840 840 945 906 factus
963 855 1023 917 est,
1042 865 1131 927 mag-

68 978 129 1019 nas
150 955 324 1019 Gallorum
349 949 460 1031 copias
490 965 601 1008 earum
628 943 799 1006 civitatum
824 964 909 1025 quae
934 944 1131 1009 Armoricae

69 1057 280 1138 appellantur
311 1048 524 1135 oppugnandi
557 1047 608 1109 sui
647 1065 748 1108 causa
782 1044 987 1119 convenisse,
1024 1066 1130 1130 neque

70 1158 203 1239 longius
229 1156 319 1219 milia
346 1172 501 1236 passuum
532 1160 607 1212 octo
638 1146 681 1208 ab
708 1145 853 1209 hibernis
881 1146 949 1209 suis
973 1144 1128 1225 abfuisse,

69 1259 138 1332 sed,
157 1257 276 1320 nuntio
300 1257 399 1319 allato
422 1254 463 1317 de
487 1248 626 1313 victoria
656 1246 815 1321 Caesaris,
833 1246 1023 1310 discessisse
1047 1250 1129 1311 adeo
1151 1273 1179 1307 10

70 1370 105 1422 ut
130 1355 233 1439 fugae
256 1356 373 1420 similis
397 1356 564 1417 discessus
590 1349 767 1413 videretur.

117 1474 166 1539 54
193 1458 243 1521 At
272 1457 403 1530 Caesar,
430 1453 634 1536 principibus
664 1448 827 1532 cujusque
855 1452 999 1516 civitatis
1027 1456 1066 1517 ad
1095 1476 1129 1519 se

68 1560 228 1633 evocatis,
251 1558 332 1621 alias
357 1557 540 1620 territando
563 1573 639 1617 cum
665 1571 700 1613 se
724 1552 807 1615 scire
831 1573 914 1637 quae
940 1554 1054 1619 fierent
1078 1556 1131 1619 de-

70 1660 256 1733 nuntiaret,
272 1658 352 1720 alias
377 1657 590 1730 cohortando,
612 1675 765 1736 magnam
794 1667 918 1735 partem
945 1655 1071 1719 Galliae
1095 1658 1128 1720 in

69 1760 181 1824 officio
211 1749 345 1822 tenuit.¹
371 1754 524 1821 2Tamen
554 1758 714 1831 Senones,
738 1776 821 1838 quae
845 1768 896 1819 est
924 1756 1038 1821 civitas
1070 1757 1179 1828 im-15

69 1862 188 1943 primis
213 1860 308 1924 firma
328 1870 361 1923 et
386 1880 527 1941 magnae
550 1859 635 1921 inter
659 1856 772 1920 Gallos
794 1857 1010 1945 auctoritatis
1028 1858 1129 1922 Cava·

70 1964 192 2037 riuum,
211 1982 309 2044 quem
328 1960 450 2024 Caesar
466 1963 551 2042 apud
569 1982 625 2023 eos
643 1982 754 2042 regem
776 1964 994 2027 constituerat
1020 1964 1128 2047 (cujus

70 2064 172 2127 frater
190 2062 396 2142 Moritasgus
411 2062 554 2124 adventu
575 2062 607 2123 in
627 2061 765 2125 Galliam
791 2064 952 2141 Caesaris,
970 2065 1130 2148 cujusque

71 2164 214 2245 majores
244 2183 383 2243 regnum
411 2162 645 2242 obtinuerant),
675 2163 861 2229 interlicere
893 2166 1024 2248 publico
1052 2188 1129 2231 con-

71 2266 143 2326 silio
159 2262 284 2339 conati,
300 2284 374 2325 cum
396 2262 449 2325 ille
473 2263 713 2343 praesensisset
738 2286 776 2329 ac
799 2265 1007 2348 profugisset,
1027 2288 1128 2350 usque
1148 2292 1178 2328 20

71 2367 109 2427 ad
126 2366 213 2427 fines
230 2364 373 2427 insecuti
393 2384 495 2445 regno
511 2365 673 2448 domoque
693 2368 889 2449 expulerunt
905 2389 911 2444 ;
935 2365 999 2443 ³et,
1019 2368 1128 2431 missis

70 2468 109 2528 ad
142 2466 323 2529 Caesarem
354 2462 578 2527 satisfaciendi
609 2487 709 2529 causa
738 2468 863 2549 legatis,
896 2490 970 2531 cum
1003 2470 1030 2531 is
1061 2490 1128 2531 om-

70 2588 144 2629 nem
162 2567 205 2629 ad
231 2587 267 2628 se
284 2576 434 2627 senatum
451 2566 563 2628 venire
586 2565 749 2648 jussisset,
767 2569 856 2632 dicto
873 2569 1043 2631 audientes
1062 2588 1128 2631 non

69 2665 215 2729 fuerunt.
262 2663 429 2727 4Tantum
454 2667 539 2747 apud
569 2667 720 2731 homines
750 2670 905 2731 barbaros
929 2669 1030 2732 valuit
1055 2689 1128 2731 esse

69 2769 199 2850 aliquos
217 2778 366 2847 repertos
382 2766 546 2847 principes
564 2766 727 2832 inferendi
746 2770 830 2845 belli,
852 2781 1043 2853 tantamque
1059 2790 1127 2831 om·
1148 2792 1177 2845 ²5

69 2869 168 2931 nibus
197 2867 405 2929 voluntatum
432 2871 725 2932 commutationem
756 2870 875 2945 attulit,
901 2881 1128 2951 ut-praeter

72 2970 232 3032 Haeduos
246 2979 279 3029 et
295 2968 429 3040 Remos,
440 2990 523 3051 quos
536 2972 713 3051 praecipuo
726 2992 856 3052 semper
868 2972 991 3033 honore
1007 2970 1129 3033 Caesar

70 3070 193 3143 habuit,
223 3068 344 3130 alteros
375 3089 434 3149 pro
462 3082 573 3134 vetere
603 3092 641 3133 ac
674 3084 831 3152 perpetua
861 3093 939 3153 erga
970 3072 1126 3153 populum

73 3171 263 3232 Romanum
277 3168 352 3243 fide,
365 3171 486 3234 alteros
503 3192 562 3253 pro
581 3172 768 3235 recentibus
784 3172 899 3235 Gallici
918 3172 994 3235 belli
1011 3172 1127 3235 officiis

72 3307 111 3314 —
123 3270 214 3332 nulla
229 3266 298 3331 fere
314 3270 431 3333 civitas
456 3270 552 3335 fuerit
576 3293 642 3334 non
659 3285 815 3354 suspecta
839 3274 945 3337 uobis.
999 3270 1127 3355 5idque
1147 3296 1177 3346 30

73 3372 153 3432 adeo
176 3370 266 3432 haud
290 3372 360 3434 scio
386 3373 616 3435 mirandumne
639 3374 690 3445 sit,
709 3395 783 3436 eum
808 3375 1030 3454 compluribus
1055 3372 1127 3435 aliis

74 3472 113 3533 de
129 3472 248 3546 causis
266 3482 336 3535 tum
355 3474 496 3535 maxime
514 3475 600 3557 quod
621 3474 651 3537 ei
667 3474 724 3557 qui
740 3474 860 3537 virtute
880 3475 958 3538 belli
975 3474 1126 3538 omnibus

75 3573 229 3653 gentibus
259 3572 539 3654 praeferebantur,
564 3585 692 3637 tantum
721 3597 757 3638 se
784 3575 855 3657 ejus
883 3576 1047 3655 opinionis
1070 3576 1126 3637 de-

76 3674 257 3752 perdidisse
273 3683 345 3736 uta
369 3674 489 3756 populo
516 3676 667 3737 Romano
691 3675 826 3755 imperia
847 3673 1037 3755 perferrent,
1054 3694 1126 3752 gra-

77 3773 208 3835 vissime
225 3773 389 3836 dolebant.
1144 3783 1174 3834 35

120 3888 167 3953 55.
194 3873 329 3935 Treveri
362 3894 438 3936 vero
470 3884 569 3955 atque
601 3872 845 3936 Indutiomarus
877 3871 977 3933 totius
1010 3867 1125 3929 hiemis
