2667 4159
250 203 308 266 134
486 184 709 248 Distribution
725 187 765 266 of
777 182 909 248 Coesur's
924 186 1043 251 Forcea
1170 185 1280 258 [CAESAR

243 382 333 441 nium
354 380 520 461 legionum
543 380 751 442 Aduatucam
770 380 918 443 contulit.
967 381 1005 443 Id
1025 383 1152 445 castelli
1173 406 1283 447 nomen

242 493 303 543 est.
352 481 427 542 Hoc
457 478 526 543 lere
558 494 609 543 est
640 482 673 543 in
706 482 820 543 mediis
853 483 1045 545 Eburonum
1077 484 1206 559 finibuS,
1236 487 1284 549 ubi

241 582 390 644 Titurius
417 593 516 664 atque
543 582 790 644 Aurunculeius
818 582 983 645 hiemandi
1011 604 1110 646 causa
1136 588 1284 650 consede-

241 685 341 751 rant(
370 679 498 745 ⁴Hune
522 703 596 745 cum
622 682 755 764 reliquis
780 683 877 745 rebus
901 684 1008 745 locum
1036 684 1198 764 probarat,
1222 696 1284 749 tun

209 811 221 863 5
241 784 329 865 quod
353 783 531 865 superioris
553 783 631 845 anni
655 782 856 845 munitiones
880 783 1028 864 integrae
1050 786 1237 861 manebant,
1257 800 1286 850 ut

241 881 381 942 militum
410 881 552 943 laborem
582 881 779 943 sublevaret.
827 879 1016 943 ⁶Praesidio
1048 881 1286 963 impedimentis

240 981 403 1061 legionem
425 994 573 1062 quartam
594 980 756 1043 decimam
774 981 916 1063 reliquit,
934 1002 1031 1043 unam
1047 1002 1087 1044 ex
1110 982 1162 1046 his
1188 986 1286 1048 tribus

240 1103 320 1165 quas
345 1082 491 1164 proxime
511 1082 714 1163 conscriptas
735 1102 774 1143 ex
799 1081 894 1143 Italia
918 1082 1114 1145 traduxerat.
1161 1082 1227 1148 ⁶Ei
1250 1085 1288 1149 le-

239 1183 329 1265 gioni
346 1182 526 1264 castrisque
546 1182 587 1264 Q.
607 1181 753 1244 Tullium
779 1182 972 1247 Ciceronem
997 1186 1154 1269 praeficit,
1172 1190 1288 1252 ducen-

205 1314 221 1349 ο
240 1297 354 1365 tosque
371 1283 498 1365 equites
516 1283 675 1345 attribuit.

284 1401 333 1465 33.
360 1386 483 1448 Partito
500 1388 654 1460 exercitu,
673 1386 709 1451 T.
731 1388 914 1451 Labienum
937 1408 1011 1452 cum
1031 1386 1217 1471 legionibus
1238 1391 1287 1454 tri-

239 1489 300 1550 bus
326 1488 366 1550 ad
396 1487 566 1551 Oceanum
590 1509 705 1551 versus
731 1489 762 1551 in
788 1510 843 1551 eas
871 1500 981 1571 partes
1006 1510 1089 1573 quae
1118 1490 1286 1573 Menapios

239 1590 410 1670 attingunt
435 1590 598 1670 proficisci
631 1590 725 1672 jubet
739 1611 746 1666 ;
773 1590 810 1653 C.
830 1590 1032 1653 Trebonium
1057 1612 1132 1653 cum
1154 1592 1225 1673 pari
1249 1593 1287 1655 le·

239 1691 374 1771 gionum
392 1712 529 1755 numero
545 1693 584 1753 ad
602 1712 675 1753 eam
690 1691 854 1773 regionem
873 1712 956 1774 quae
973 1692 1013 1753 ad
1028 1692 1225 1755 Aduatucos
1239 1694 1287 1754 ad·

193 1814 220 1866 ¹5
238 1788 323 1869 jacet
347 1790 608 1870 depopulandam
634 1789 757 1864 mittit;
781 1790 851 1871 ipse
871 1810 945 1851 cum
970 1788 1104 1871 reliquis
1129 1789 1234 1852 tribus
1251 1790 1286 1851 ad

239 1888 361 1952 flumen
390 1890 549 1963 Scaldem,
578 1891 665 1971 quod
692 1888 800 1951 influit
832 1890 864 1951 in
895 1890 1034 1963 Mosam,
1060 1899 1287 1972 extremasque

239 1988 443 2053 Arduennae
466 2001 576 2072 partes
600 1990 647 2053 ire
666 1990 847 2064 constituit,
864 2010 929 2073 quo
946 2010 1021 2052 cum
1045 1988 1159 2071 paucis
1177 1990 1288 2073 equiti·

239 2089 300 2152 bus
324 2088 508 2171 proiectum
525 2090 754 2170 Ambiorigem
775 2090 937 2153 audiebat.
983 2086 1195 2154 ²Discedens
1218 2100 1288 2173 post

238 2189 325 2251 diem
354 2191 529 2271 septimum
559 2186 631 2252 sese
664 2210 869 2253 reversurum
899 2190 1090 2265 confirmat3
1122 2210 1223 2273 quam
1251 2190 1286 2252 ad

191 2316 221 2351 20
238 2291 324 2353 diem
349 2292 378 2354 ei
404 2292 524 2371 legioni
548 2290 689 2373 quaein
714 2290 876 2372 praesidio
903 2290 1148 2374 relinquebatur
1179 2290 1288 2353 deberi

237 2388 439 2454 frumentum
465 2392 599 2455 sciebat.
652 2388 861 2453 ³Labienum
889 2390 1155 2473 Treboniumque
1184 2393 1291 2456 horta·

238 2502 299 2565 tur,
317 2494 344 2555 si
364 2492 563 2573 reipublicae
579 2492 752 2554 commodo
772 2488 877 2555 lacere
896 2492 1034 2574 possint,
1052 2492 1091 2554 ad
1111 2512 1188 2555 eum
1206 2494 1290 2556 diem

150 2630 155 2639 ·
238 2604 465 2668 revertantur;
494 2603 537 2667 ut,
563 2612 676 2654 rursus
702 2591 944 2654 communicato
970 2592 1116 2666 consili0,
1141 2593 1292 2675 explora·

238 2691 347 2774 tisque
377 2692 520 2755 hostium
553 2692 744 2765 rationibus,
775 2691 863 2753 aliud
897 2690 1027 2755 initium
1059 2692 1134 2755 belli
1172 2714 1292 2776 capere

188 2819 219 2871 25
237 2793 373 2873 possint.

283 2910 333 2971 34.
361 2894 449 2965 Erat,
464 2903 499 2955 ut
517 2913 615 2973 supra
631 2891 939 2965 demonstravimus
955 2912 1072 2955 manus
1085 2902 1177 2955 certa
1195 2894 1292 2965 nulla,

238 3013 301 3055 non
327 2994 492 3073 oppidum,
516 3014 582 3054 non
611 2992 817 3073 praesidium,
842 2992 928 3074 quod
957 3012 992 3054 se
1016 2993 1116 3055 armis
1139 2991 1294 3057 defende-

237 3104 307 3168 ret,
342 3094 400 3155 sed
431 3113 546 3155 omnes
577 3094 610 3154 in
645 3104 755 3173 partes
787 3092 936 3174 dispersa
966 3092 1153 3157 multitudo.
1202 3090 1292 3158 ²Ubi

237 3194 356 3274 cuique
380 3206 435 3256 aut
463 3193 556 3255 vallis
582 3194 693 3255 abdita
720 3205 777 3255 aut
805 3194 896 3256 locus
925 3193 1082 3257 silvestris
1110 3205 1169 3257 aut
1198 3195 1293 3275 palus

188 3320 220 3370 30
237 3292 395 3373 impedita
421 3296 516 3373 spem
541 3294 694 3375 praesidii
722 3304 777 3355 aut
806 3293 920 3355 salutis
947 3293 1089 3376 aliquam
1118 3291 1293 3365 offerebat,

236 3394 438 3456 consederat.
483 3392 602 3456 3Haec
629 3394 701 3456 loca
723 3393 947 3456 vicinitatibus
971 3404 1065 3457 erant
1089 3405 1178 3469 nota,
1204 3414 1294 3474 mag-

237 3504 380 3575 namque
397 3514 449 3554 res
470 3493 674 3574 diligentiam
696 3493 890 3575 requirebat,
909 3515 972 3555 non
993 3494 1027 3555 in
1048 3514 1181 3557 summa
1202 3514 1292 3557 exer-

237 3593 321 3655 citus
336 3594 459 3654 tuenda
474 3593 609 3672 (nullum
624 3595 712 3655 enim
731 3605 859 3674 poterat
873 3594 1035 3657 universis
1047 3594 1088 3656 ab
1105 3592 1292 3675 perterritis

237 3712 275 3753 ac
292 3693 448 3772 dispersis
465 3692 643 3772 periculum
661 3694 833 3773 accidere),
847 3694 905 3756 sed
920 3694 955 3756 'in
973 3694 1111 3775 singulis
1127 3694 1291 3757 militibus

188 3816 219 3868 35
238 3792 490 3867 conservandis3
514 3813 598 3874 quae
615 3804 723 3856 tamen
743 3815 782 3856 ex
804 3807 896 3873 parte
914 3814 964 3857 res
982 3796 1021 3856 ad
1043 3796 1185 3859 salutem
1203 3812 1292 3857 exer·

238 3891 323 3953 citus
355 3892 550 3973 pertinebat.
596 3891 705 3954 *Nam
738 3905 770 3956 et
802 3895 940 3975 praedae
972 3895 1136 3977 cupiditas
1169 3894 1290 3957 multos
