2667 4159
59 197 94 257 B.
112 198 150 259 G.
168 196 222 258 Vl·
239 202 298 274 35·]
342 198 399 269 An
414 194 573 268 invasion
580 206 673 288 frum
690 202 861 283 Gennany.
1063 222 1120 288 ¹35

59 402 197 483 longius
216 400 385 475 evocabat,
402 410 435 462 et
454 399 555 462 silvae
572 399 706 462 incertis
724 400 929 482 occultisque
949 400 1123 465 itineribus

60 502 233 564 confertos
250 500 341 562 adire
364 500 593 581 prohibebant.
638 497 700 563 ⁶Si
724 500 893 581 negotium
913 501 1031 563 confici
1052 502 1124 565 stir-

61 623 209 685 pemque
228 600 399 662 hominum
418 600 651 662 sceleratorum
673 600 813 662 interfici
835 601 939 674 vellet,
957 603 1124 666 dimitten-

61 705 125 765 dae
171 702 282 783 plures
326 720 444 774 manus
486 699 731 783 diducendique
773 711 868 763 erant
912 701 1051 767 milites:
1096 703 1123 766 si

61 803 237 866 continere
254 802 294 863 ad
317 801 414 881 signa
432 800 619 880 manipulos
636 800 742 875 vellet,
761 810 797 863 ut
822 800 974 865 instituta
991 804 1074 865 ratio
1091 817 1123 867 et
1143 828 1157 883 ς

60 903 271 966 consuetudo
287 902 450 963 exercitus
473 900 615 963 Romani
637 901 838 981 postulabat,
856 902 946 965 locus
967 904 1037 984 ipse
1053 915 1123 967 erat

61 1004 231 1087 praesidio
260 1002 414 1075 barbaris,
438 1020 546 1082 neque
569 1021 608 1063 ex
635 1002 766 1065 occulto
796 1002 974 1065 insidiandi
1000 1014 1035 1067 et
1061 1005 1124 1067 dis-

61 1126 178 1187 persos
199 1101 480 1165 circumveniendi
505 1102 645 1182 singulis
667 1104 779 1165 deerat
805 1104 948 1167 audacia.
995 1101 1067 1168 6Ut
1090 1105 1123 1167 in

61 1204 228 1289 ejusmodi
263 1202 523 1276 difficultatibus,
557 1214 716 1284 quantum
755 1202 927 1285 diligentia
960 1205 1124 1285 provideri

60 1317 203 1388 poterat,
236 1304 489 1385 providebatur;
530 1310 566 1364 ut
603 1302 712 1384 potius
749 1304 782 1365 in
818 1305 966 1367 nocendo
1001 1304 1122 1387 aliquid
1145 1330 1173 1365 ιο

60 1406 392 1489 praetermitteretur,
420 1402 482 1465 etsi
515 1403 662 1465 omnium
691 1403 793 1465 animi
825 1404 865 1466 ad
897 1404 1122 1468 ulciscendum

59 1508 235 1577 ardebant,
258 1526 355 1587 quam
376 1525 450 1567 cum
475 1505 584 1587 aliquo
608 1503 748 1566 militum
775 1504 973 1567 detrimento
993 1525 1124 1567 nocere-

60 1620 123 1670 tur.
157 1606 328 1668 ⁷Dimittit
346 1607 385 1667 ad
403 1605 558 1668 finitimas
572 1604 723 1667 civitates
743 1604 878 1667 nuntios
897 1604 1038 1668 Caesar:
1055 1626 1125 1667 om·

61 1729 124 1771 nes
150 1709 191 1769 ad
218 1718 373 1769 sevocat
398 1727 456 1787 spe
481 1708 620 1787 praedae
645 1708 685 1768 ad
713 1706 915 1787 diripiendos
942 1706 1124 1781 Eburones

61 1821 99 1872 ut
119 1809 233 1890 potius
254 1807 287 1869 in
305 1807 396 1869 silvis
417 1806 585 1869 Gallorum
603 1807 671 1869 vita
695 1826 790 1888 quam
813 1804 1011 1887 legionarius
1029 1807 1123 1869 miles
1145 1842 1173 1894 ¹5

61 1910 294 1992 periclitetur;
327 1907 423 1970 simul
456 1919 500 1981 ut,
529 1928 650 1989 magna
681 1906 890 1969 multitudine
917 1906 1123 1981 circumfusa,
1177 1952 1179 1956 -

61 2032 122 2091 pro
158 2008 217 2072 tali
252 2006 399 2070 facinore
433 2008 534 2089 stirps
569 2028 607 2071 ac
643 2026 761 2070 nornen
799 2007 941 2069 civitatis
980 2007 1121 2070 tollatur.
1177 2066 1178 2071 ,

63 2112 212 2192 Magnus
231 2109 375 2190 nudique
392 2128 547 2171 numerus
564 2109 717 2171 celeriter
734 2107 895 2171 convenit.

109 2226 159 2292 35,
190 2210 285 2271 Haec
302 2209 334 2270 in
351 2210 505 2271 omnibus
526 2210 720 2284 Eburonum
746 2209 893 2290 partibus
915 2210 1122 2290 gerebantur,

61 2312 203 2394 diesque
229 2310 404 2391 appetebat
432 2310 605 2391 septimus,
629 2330 727 2392 quem
752 2310 792 2371 ad
821 2310 906 2371 diem
937 2309 1059 2372 Caesar
1082 2312 1121 2372 ad
1144 2346 1173 2378 20

62 2412 307 2495 impedimenta
339 2410 569 2492 legionemque
603 2410 723 2473 reverti
758 2409 985 2473 constituerat.
1031 2407 1123 2473 ²Hic

60 2524 226 2596 quantum
246 2510 279 2572 in
297 2510 382 2573 bello
399 2508 528 2572 fortuna
545 2511 658 2591 possit,
672 2523 704 2573 et
720 2521 860 2592 quantos
877 2508 1001 2571 adserat
1018 2530 1122 2586 casus,

61 2612 223 2698 cognosci
257 2610 371 2691 potuit.
428 2611 608 2692 Dissipatis
632 2632 670 2673 ac
695 2608 877 2691 perterritis
903 2608 1062 2685 hostibus,
1087 2622 1123 2675 ut

61 2712 377 2783 demonstravimus
402 2732 518 2773 manus
544 2723 614 2774 erat
642 2711 732 2773 nulla
757 2729 841 2792 quae
868 2730 999 2790 parvam
1026 2713 1123 2774 modo

61 2833 200 2878 causam
221 2811 349 2873 thuoris
366 2807 508 2875 afferret.
554 2809 683 2874 3Trans
704 2811 858 2873 Rhenum
877 2812 917 2873 ad
940 2810 1123 2874 Germanos
1144 2847 1172 2897 25

61 2913 219 2997 pervenit
247 2910 340 2983 sama,
368 2911 464 2992 diripi
497 2912 671 2975 Eburones
699 2922 798 2995 atque
827 2912 912 2973 ultro
939 2932 1055 2975 omnes
1082 2915 1121 2974 ad

62 3015 226 3097 praedam
243 3012 381 3075 evocari,
427 3009 584 3093 4Cogunt
607 3013 754 3095 equitum
781 3014 846 3075 duo
871 3012 959 3074 milia
987 3012 1125 3095 Sugam-

62 3117 123 3190 bri,
142 3114 200 3197 qui
226 3122 305 3175 sunt
327 3112 466 3193 proximi
491 3114 620 3186 Rheno,
636 3135 656 3175 a
672 3115 792 3196 quibus
813 3124 964 3194 receptos
981 3134 1020 3175 ex
1044 3111 1123 3192 iuga

62 3215 254 3277 Tencteros
271 3225 369 3293 atque
392 3212 549 3293 Usipetes
565 3235 665 3294 supra
684 3214 865 3275 docuimus,
911 3209 1122 3276 ⁵Transeunt

64 3317 226 3378 Rhenum
253 3314 391 3375 navibus
420 3312 620 3395 ratibusque,
646 3315 783 3394 triginta
808 3314 938 3377 milibus
965 3335 1120 3395 passuum
1141 3346 1172 3395 30

64 3414 153 3477 infra
170 3436 245 3477 eum
268 3414 375 3476 locum
393 3413 449 3474 ubi
473 3434 555 3494 pons
572 3427 642 3477 erat
667 3413 832 3494 perlectus
857 3416 1122 3496 praesidiumque

64 3518 106 3579 ab
132 3515 274 3578 Caesare
294 3514 452 3577 relictum.
502 3514 627 3576 Primos
654 3515 847 3577 Eburonum
873 3515 955 3578 fines
978 3516 1121 3591 adeunt;

64 3617 190 3678 multos
215 3636 256 3677 ex
278 3611 359 3695 fuga
381 3614 547 3694 dispersos
572 3615 750 3695 excipiunt,
768 3635 888 3695 magno
912 3618 1039 3696 pecoris
1065 3637 1122 3678 nu-

66 3737 167 3788 mere,
197 3714 292 3797 cujus
319 3726 398 3775 sunt
421 3715 627 3795 cupidissimi
656 3715 796 3787 barbari,
822 3716 1001 3794 potiuntur.
1047 3714 1122 3778 6ln-

66 3815 162 3877 vitati
183 3814 305 3895 praeda
321 3812 451 3898 longius
471 3814 672 3894 procedunt:
701 3834 764 3874 non
786 3814 846 3875 hos
866 3813 967 3894 palus
985 3816 1016 3874 in
1035 3814 1120 3877 bello
1140 3836 1169 3888 35

66 3912 318 3995 latrociniisque
345 3922 448 3984 natos
477 3931 543 3973 non
570 3910 673 3973 silvae
699 3922 875 3973 morantur.
924 3911 1054 3993 Quibus
1086 3913 1118 3973 in
