2667 4159
157 180 193 238 18
383 175 413 235 T
409 176 449 236 lte
474 173 656 257 campazgrn
679 175 814 257 against
834 176 1035 239 Ariovzrtua
1136 191 1258 260 [Casnn

243 385 291 446 30.
319 367 411 430 Bello
439 366 674 429 Helvetiorum
700 363 865 442 conlecto,
891 367 996 430 totius
1022 364 1094 430 fere
1126 367 1260 431 Galliae
1322 366 1323 375 ’

197 465 309 547 legati,
343 464 511 546 principes
543 464 726 538 civitatum,
758 466 799 527 ad
832 465 1011 529 Caesarem
1049 465 1258 548 gratulatum

197 572 446 626 convenerunt:
476 561 697 642 ‘Intellegere
722 581 806 636 sese,
830 563 967 625 tametsi
995 582 1055 645 pro
1084 564 1259 626 veteribus
1322 564 1323 571 ’

199 659 431 722 Helvetiorum
464 657 594 739 injuriis
625 658 738 740 populi
775 659 920 724 Romani
958 660 1000 723 ab
1039 661 1091 722 his
1129 681 1258 741 poenas

171 780 183 832 5
197 756 285 820 bello
301 755 488 838 repetisset,
503 765 616 818 tamen
630 776 703 818 eam
717 775 787 819 rem
801 777 867 818 non
885 757 995 819 minus
1011 777 1053 819 ex
1069 777 1131 820 usu
1146 768 1258 820 terrae

198 854 325 916 Galliae
363 873 460 934 quam
500 853 613 934 populi
652 853 798 916 Romani
835 854 997 918 accidisse
1011 875 1019 930 ;
1056 851 1258 935 2propterea

197 952 284 1033 quod
302 970 341 1014 eo
366 949 514 1025 consilio,
532 950 779 1014 florentissimis
802 951 912 1026 rebus,
929 953 1046 1014 domos
1069 972 1147 1014 suas
1175 951 1259 1013 Hel-

197 1048 277 1111 vetii
302 1047 525 1130 reliquissent,
544 1047 593 1110 uti
617 1048 681 1111 toti
706 1047 835 1111 Galliae
860 1049 983 1113 bellum
1008 1046 1181 1122 inferrent,
1199 1049 1259 1110 im-

197 1145 356 1227 perioque
372 1145 570 1227 potirentur,
589 1144 765 1226 locumque
780 1147 949 1210 domicilio
965 1167 1006 1208 ex
1022 1167 1145 1227 magna
1160 1145 1258 1227 copia

158 1266 187 1301 10
198 1243 393 1324 deligerent,
420 1262 518 1324 quem
544 1243 700 1304 exomni
726 1243 834 1307 Gallia
864 1242 1185 1330 opportunissimum
1217 1264 1257 1306 ac

197 1338 502 1424 fructuosissimum
532 1338 749 1419 judicassent,
774 1340 984 1423 reliquasque
1015 1341 1169 1404 civitates
1202 1341 1260 1402 sti-

107 1481 108 1484 ,
198 1436 385 1519 pendiarias
423 1435 604 1500 habereut'
650 1434 856 1512 3Petierunt,
889 1438 938 1500 uti
976 1438 1040 1502 sibi
1079 1437 1258 1501 concilium

199 1533 303 1597 totius
329 1532 457 1596 Galliae
481 1533 513 1595 in
541 1533 630 1597 diem
652 1545 779 1598 certam
805 1535 950 1599 indicere
975 1535 1075 1618 idque
1102 1535 1259 1598 Caesaris

199 1631 372 1695 voluntate
397 1628 521 1695 iacere
559 1632 698 1695 liceret:
736 1652 810 1696 sese
841 1634 965 1696 habere
1002 1634 1163 1715 quasdam
1194 1651 1258 1706 res,
1322 1682 1323 1689 ,

159 1753 186 1806 15
200 1750 281 1813 quas
298 1749 340 1792 ex
355 1729 524 1792 communi
550 1749 719 1794 consensu
742 1731 843 1794 abeo
866 1741 982 1811 petere
1004 1731 1159 1794 vellent(
1183 1727 1261 1793 4Ea

199 1848 236 1891 re
252 1827 424 1909 permissa,
441 1830 528 1892 diem
546 1827 688 1892 concilio
704 1829 963 1902 constituerunt,
981 1837 1014 1891 et
1031 1827 1259 1909 jurejurando

200 1945 243 1988 ne
266 1924 342 2007 quis
365 1926 564 2000 enuntiaret,
583 1925 647 1988 nisi
671 1926 791 2006 quibus
815 1925 984 1988 communi
1008 1925 1147 1988 consilio
1170 1945 1262 1987 man-

197 2027 312 2088 datum
330 2032 429 2097 esset,
448 2022 536 2084 inter
553 2043 589 2085 se
606 2031 797 2085 sanxerunt.

246 2139 294 2204 31.
321 2120 373 2184 Eo
398 2119 540 2183 concilio
570 2119 717 2193 dimissu,
743 2121 831 2183 idem
867 2120 1035 2202 principes
1073 2120 1260 2192 civitatum,

159 2244 190 2278 20
201 2222 258 2305 qui
285 2231 365 2287 ante
391 2217 534 2293 fuerant,
555 2218 596 2280 ad
625 2216 803 2281 Caesarem
832 2227 1051 2291 reverterunt,
1080 2217 1262 2298 petierunt-

201 2341 276 2404 que,
309 2320 357 2384 uti
389 2317 451 2382 sibi
483 2324 614 2380 secreto
644 2315 678 2377 in
708 2315 842 2380 occulto
873 2316 915 2378 de
947 2335 1006 2377 sua
1043 2315 1261 2395 omniumque

204 2418 310 2482 salute
338 2438 413 2482 cum
438 2437 477 2482 eo
506 2433 604 2499 agere
632 2410 758 2474 liceret.
805 2409 879 2474 2Ea
906 2431 941 2474 re
969 2413 1156 2492 impetrata,
1186 2432 1261 2473 sese

203 2535 320 2580 omnes
351 2515 472 2580 flentes
505 2513 640 2577 Caesari
671 2512 713 2574 ad
751 2511 854 2592 pedes
887 2509 1122 2590 projecerunt:
1164 2509 1261 2570 ‘Non

204 2613 313 2679 minus
342 2633 378 2676 se
405 2613 438 2675 id
463 2611 668 2676 contendere
697 2619 731 2672 et
757 2608 917 2680 laborare,
946 2627 989 2670 ne
1015 2626 1055 2668 ea
1085 2625 1169 2687 quae
1196 2605 1264 2666 dix-

161 2732 191 2784 ²5
205 2709 311 2774 issent
343 2709 606 2782 enuntiarentur,
632 2727 731 2790 quam
763 2705 812 2768 uti
836 2725 875 2767 ea
906 2724 990 2786 quae
1013 2703 1137 2766 vellent
1162 2703 1264 2782 impe-

205 2817 355 2884 trarent;
378 2816 554 2888 propterea
571 2805 669 2887 quod,
688 2804 716 2867 si
740 2802 952 2866 enuntiatum
977 2810 1076 2874 esset,
1095 2819 1262 2862 summum

167 2920 170 2925 ·
205 2905 238 2967 in
263 2904 445 2968 cruciatum
470 2923 505 2966 se
526 2912 688 2980 venturos
711 2899 883 2964 viderent)
929 2896 1104 2961 3Locutus
1127 2906 1179 2958 est
1203 2917 1264 2977 pro

206 3001 257 3064 his
282 3000 469 3064 Divitiacus
495 2999 678 3062 Haeduus:
704 2997 849 3061 ‘Galliae
874 2996 978 3059 totius
1000 2992 1165 3057 factiones
1188 3013 1264 3056 esse

205 3099 307 3174 duas;
345 3099 457 3160 harum
498 3096 635 3159 alterius
675 3095 897 3176 principatum
937 3103 1052 3156 tenere
1092 3091 1263 3165 Haeduos,

164 3218 195 3266 30
206 3194 343 3258 alterius
375 3195 556 3257 Arvernos
606 3193 653 3255 Hi
685 3212 760 3255 cum
799 3201 975 3272 tantopere
1006 3191 1048 3251 de
1086 3197 1264 3270 potentatu
1322 3236 1324 3249 .

207 3293 295 3356 inter
321 3313 356 3356 se
375 3292 504 3354 ¹multos
531 3310 639 3354 annos
671 3289 924 3362 contenderent,
951 3285 1077 3350 iactum
1104 3305 1188 3358 esse,
1216 3285 1266 3345 uti

207 3392 248 3453 ab
280 3389 445 3452 Arvernis
478 3387 709 3470 Sequanisque
742 3385 901 3448 Germani
937 3384 1091 3448 mercede
1123 3401 1267 3444 arcesse·
1322 3412 1324 3469 g

208 3498 332 3550 rentur,
379 3484 391 3524 4
404 3486 534 3547 Horum
552 3484 659 3566 primo
673 3483 806 3546 circiter
821 3483 911 3543 milia
926 3501 973 3543 xv
987 3481 1146 3543 Rhenum
1162 3489 1268 3540 trans-

209 3585 296 3660 isse,
324 3593 541 3665 posteaquam
566 3602 664 3662 agros
689 3579 873 3662 etjcultum
898 3588 933 3641 et
956 3578 1068 3658 copias
1093 3577 1265 3638 Gallorum

167 3703 196 3754 35
209 3681 363 3743 homines
386 3678 447 3742 feri
471 3699 509 3742 ac
532 3677 664 3740 barbari
688 3667 910 3750 adamassem,
936 3675 1106 3736 traductos
1134 3673 1247 3754 plures
1260 3692 1267 3747 ;

210 3800 299 3842 nunc
316 3799 390 3842 esse
407 3777 440 3840 in
459 3775 565 3840 Gallia
581 3776 622 3838 ad
646 3783 783 3838 centurn
799 3783 834 3836 et
857 3791 905 3835 xx
929 3771 1055 3834 milium
1079 3789 1267 3833 numerum.

1153 4063 1193 4118 'f
