2667 4159
68 207 98 261 B·
113 208 147 263 G·
163 208 196 261 V·
214 207 272 279 27·]
367 207 518 293 Colloquy
534 208 616 273 wito
631 208 814 272 Ambiorix.
1051 226 1106 275 101

65 403 200 484 impulsu
228 403 393 478 deficeret,
423 403 460 467 L.
487 402 643 465 Plancum
673 423 745 465 curn
773 400 903 483 legione
930 422 970 465 ex
998 400 1112 483 Belgio

65 505 211 567 celeriter
238 504 271 566 in
301 504 465 567 Carnutes
491 503 654 585 proficisci
680 502 775 587 jubet
806 502 917 584 ibique
945 502 1112 580 lriemare;

65 626 264 687 quorumque
300 625 399 686 opera
433 604 625 686 cognoverit
661 603 855 685 Tasgetium
893 601 1112 677 interfectum,

65 706 120 767 hos
136 706 394 787 comprehensos
413 706 453 768 ad
479 726 514 768 se
536 706 677 769 mittere.
722 702 884 766 4Interim
902 705 943 765 ab
959 704 1112 767 omnibus

65 807 176 885 legatis
199 816 448 889 quaestoreque,
465 806 585 889 quibus
609 805 757 885 legiones
782 804 969 879 tradiderat,
994 805 1114 867 certior
1134 828 1147 883 5

63 904 165 969 lactus
180 917 234 970 est
257 906 291 969 in
308 907 446 970 hiberna
461 917 667 989 perventum,
685 906 858 989 locumque
876 905 1023 969 hibernis
1040 926 1113 968 esse

64 1006 235 1071 munitum.

104 1108 151 1171 26.
176 1108 309 1171 Diebus
326 1108 457 1171 circiter
472 1106 672 1191 quindecim,
690 1106 808 1190 quibus
830 1106 862 1169 in
884 1108 1022 1171 hiberna
1036 1128 1114 1170 ven·

65 1217 128 1269 tum
145 1220 208 1282 est,
226 1208 355 1271 initium
374 1207 537 1289 repentini
560 1208 720 1270 turnultus
738 1227 775 1270 ac
795 1205 988 1271 desectionis
1005 1219 1112 1271 ortum

63 1319 109 1371 est
131 1309 173 1371 ab
189 1307 388 1389 Ambiorige
403 1318 436 1371 et
454 1308 634 1371 Catuuolco
645 1329 652 1385 ;
677 1308 741 1390 qui,
758 1328 831 1370 cum
857 1309 895 1370 ad
922 1308 1003 1371 fines
1020 1308 1112 1389 regni
1136 1332 1164 1367 10

64 1409 109 1470 sui
131 1409 258 1473 Sabino
276 1409 459 1491 Cottaeque
479 1421 610 1491 praesto
626 1406 774 1483 luissent,
791 1405 1061 1491 frumentumque
1081 1409 1114 1471 in

64 1510 197 1573 hiberna
229 1510 539 1591 comportavissent,
572 1509 789 1573 Indutiomari
822 1509 958 1572 Treveri
989 1509 1114 1573 nuntiis

64 1610 204 1693 impulsi,
222 1632 301 1673 suos
322 1611 579 1686 concitaverunt,
596 1611 773 1693 subitoque
793 1610 959 1691 oppressis
979 1609 1000 1670 li
1028 1620 1115 1673 nato-

63 1711 159 1786 ribus,
174 1732 297 1792 magna
314 1732 413 1773 manu
428 1724 536 1775 castra
549 1722 774 1793 oppugnatum
790 1720 959 1773 venerunt.
1006 1706 1113 1773 ²Cum

63 1811 210 1875 celeriter
230 1812 333 1874 nostri
350 1832 441 1874 arma
456 1812 623 1893 cepissent
647 1812 834 1893 vallumque
853 1810 1113 1885 adscendissent,
1137 1830 1164 1883 15

62 1923 168 1995 atque,
187 1933 255 1974 una
272 1934 312 1974 ex
330 1923 424 1993 parte
446 1913 607 1994 Hispanis
627 1912 793 1995 equitibus
814 1911 951 1985 emissis,
969 1912 1114 1994 equestri

63 2012 182 2093 proelio
203 2012 389 2094 superiores
411 2010 560 2088 fuissent,
576 2014 752 2094 desperata
775 2032 810 2075 re
834 2012 948 2074 hostes
972 2034 1048 2075 suos
1073 2013 1115 2090 ab

63 2112 308 2196 oppugnatione
325 2114 539 2176 reduxerunt.
585 2111 694 2176 3Tum
712 2134 772 2177 suo
789 2134 879 2177 more
892 2113 1117 2177 conclamave-

63 2227 146 2291 runt,
178 2214 229 2277 uti
269 2213 369 2297 aliqui
409 2235 449 2277 ex
486 2215 609 2277 nostris
640 2215 682 2277 ad
711 2215 922 2298 conloquium
953 2214 1115 2296 prodiret;

64 2316 181 2379 babere
207 2337 281 2380 sese
297 2336 381 2399 qnae
401 2317 441 2379 de
465 2337 500 2379 re
524 2316 690 2379 communi
715 2317 824 2379 dicere
848 2315 977 2392 vellent,
996 2316 1116 2400 quibus
1135 2346 1166 2382 20

62 2418 157 2482 rebus
175 2416 420 2481 controversias
437 2418 540 2480 minui
557 2439 655 2499 posse
673 2430 852 2500 sperarent.

103 2534 154 2599 27.
182 2518 333 2581 Mittitur
355 2519 395 2581 ad
423 2540 480 2581 eos
505 2519 711 2601 colloquendi
741 2540 840 2582 causa
864 2518 899 2582 C.
926 2516 1115 2600 Arpineius,

62 2638 161 2701 eques
189 2620 372 2693 Romanus,
396 2619 564 2682 familiaris
589 2619 631 2701 Q.
657 2620 787 2694 Titurii,
812 2631 845 2683 et
871 2619 912 2701 Q.
934 2619 1052 2699 Junius
1077 2640 1116 2681 ex

65 2718 230 2801 Hispania
245 2720 389 2802 quidam,
407 2719 461 2802 qui
482 2720 551 2803 jam
571 2730 648 2781 ante
674 2721 776 2783 missu
803 2720 953 2782 Caesaris
973 2719 1013 2781 ad
1038 2718 1117 2780 Am-

63 2818 221 2902 biorigem
248 2820 411 2883 ventitare
435 2831 651 2882 consueverat
665 2841 673 2896 3
700 2818 809 2901 ²apud
836 2840 918 2903 quos
942 2818 1117 2881 Ambiorix
1136 2846 1165 2898 ²5

63 2921 100 2980 ad
129 2922 219 2983 hunc
244 2921 377 2983 modum
402 2920 532 2983 locutus
556 2930 625 2983 est:
653 2921 755 2983 ‘Sese
771 2942 830 3002 pro
849 2920 1001 2983 Caesaris
1024 2919 1056 2980 in
1082 2940 1116 2981 se

63 3019 234 3084 beneficiis
258 3020 435 3103 plurimum
453 3020 483 3082 ei
507 3020 657 3083 confiteri
675 3022 802 3093 debere,
820 3021 907 3102 quod
932 3021 1002 3102 ejus
1018 3040 1117 3101 opera

64 3120 229 3201 stipendio
252 3121 411 3184 liberatus
427 3132 515 3184 esset
542 3122 629 3204 quod
653 3121 849 3195 Aduatucis,
867 3118 1016 3183 finitimis
1040 3120 1116 3193 suis,

65 3222 208 3299 pendere
232 3232 436 3296 consuesset,
453 3223 607 3305 quodque
630 3222 660 3284 ei
685 3234 717 3283 et
742 3222 826 3283 filius
847 3231 880 3284 et
903 3218 1010 3282 fratris
1030 3219 1116 3283 filius

67 3322 106 3382 ab
131 3323 276 3386 Caesare
299 3322 429 3386 remissi
453 3334 563 3386 essent
581 3344 663 3405 quos
685 3321 863 3397 Aduatuci,
881 3322 1032 3383 obsidum
1058 3343 1117 3383 nu·
1134 3346 1165 3396 30

67 3441 154 3487 mero
171 3424 301 3498 missos,
319 3424 405 3505 apud
429 3445 463 3487 se
487 3424 519 3485 in
538 3425 698 3487 servitute
714 3435 747 3487 et
765 3423 889 3486 catenis
909 3422 1115 3497 tenuisseut;

66 3517 193 3606 ³neque
213 3523 246 3587 id
270 3524 357 3607 quod
381 3521 496 3587 fecerit
521 3526 561 3587 de
580 3524 829 3606 oppugnatione
853 3535 1044 3597 castrorum,
1061 3534 1116 3586 aut

68 3620 187 3702 judicio
210 3636 268 3688 aut
293 3624 464 3687 voluntate
488 3646 546 3687 sua
568 3622 696 3697 iecisse,
722 3625 778 3687 sed
808 3636 924 3687 coactu
952 3623 1117 3698 civitatis;

70 3744 190 3806 suaque
218 3746 294 3788 esse
318 3723 483 3806 ejusmodi
511 3725 655 3805 imperia,
685 3735 721 3787 ut
749 3746 813 3787 non
842 3724 952 3787 minus
980 3723 1116 3785 haberet

71 3820 148 3903 juris
166 3825 249 3889 inse
266 3825 442 3888 multitudo
456 3847 553 3908 quam
570 3826 687 3905 ipsein
704 3825 960 3887 multitudinem.
1006 3821 1117 3882 ⁴Civi-
1134 3844 1164 3893 35

71 3924 126 3985 tati
157 3946 256 4007 porro
286 3925 373 3987 hanc
399 3922 503 3987 fuisse
535 3924 610 3986 belli
638 3944 778 3994 causam,
806 3923 892 4004 quod
924 3918 1116 4001 repentinae
