2667 4159
75 222 112 280 B.
130 229 166 281 G.
183 183 237 280 ill.
253 227 310 297 23·]
369 225 458 293 Wild
470 228 547 313 Life
561 234 601 315 os
610 227 662 296 tlte
680 228 849 301 Germana
1073 248 1135 321 129

76 426 176 487 ritiae
202 426 351 487 student.
395 421 484 505 *Qui
513 425 699 489 diutissime
727 427 914 509 impuberes
947 450 1131 511 permanse-

74 539 163 599 runt,
181 526 358 587 maximam
378 525 465 586 inter
481 546 558 589 suos
577 524 689 614 ferunt
714 528 863 591 laudem:
886 530 949 593 hoc
965 531 1007 593 ali
1028 543 1131 595 statu-

74 648 157 702 ram,
190 627 232 688 ali
267 627 353 689 vires
388 645 571 708 nervosque
605 628 802 701 confirmari,
834 639 962 710 putant.
1016 628 1131 697 ⁵Intra

72 749 201 792 annum
231 748 308 791 vero
335 726 527 789 vicesimum
556 725 697 790 feminae
725 728 876 792 notitiam
904 729 1068 808 habuisse,
1096 734 1130 796 in

72 830 277 911 turpissimis
298 828 421 891 habent
444 828 560 891 rebus:
585 828 679 910 cujus
696 828 742 891 rei
767 830 856 891 nulla
872 842 922 894 est
942 833 1129 909 occultatio,
1147 855 1161 909 5

71 932 163 1013 quod
181 942 214 993 et
238 930 426 1011 promiscue
445 928 479 989 in
496 926 688 991 fluminibus
712 928 916 1010 perluuntur,
933 942 966 997 et
990 932 1129 1015 pellibus

70 1041 131 1094 aut
154 1031 266 1113 parvis
287 1032 471 1093 rhenonum
495 1029 687 1111 tegimentis
712 1041 858 1107 utuntur,
875 1053 996 1113 magna
1015 1054 1130 1116 corpo-

71 1133 118 1194 ris
135 1146 230 1214 parte
248 1133 344 1194 nuda.

117 1250 168 1297 22.
195 1230 431 1313 Agriculturae
454 1251 520 1293 non
545 1230 704 1307 student;
728 1231 896 1316 majorque
920 1255 994 1315 pars
1014 1255 1127 1297 eorum

69 1334 183 1397 victus
215 1334 250 1395 in
280 1332 375 1406 lacte,
402 1352 507 1406 case0,
535 1352 633 1395 carne
661 1333 821 1417 consistit.
867 1330 1009 1418 ²Neque
1040 1337 1127 1417 quis·
1147 1355 1176 1390 10

69 1456 173 1519 quam
191 1434 260 1515 agri
281 1434 414 1495 modum
432 1444 557 1495 certum
579 1444 636 1496 aut
657 1433 739 1496 fines
760 1435 860 1497 habet
879 1437 1027 1517 proprios
1039 1458 1046 1513 ;
1069 1439 1126 1499 sed

68 1535 290 1616 magistratus
321 1553 360 1595 ac
392 1531 559 1615 principes
593 1533 627 1595 in
659 1554 763 1597 annos
795 1535 943 1617 singulos
974 1537 1128 1619 gentibus

68 1634 395 1716 cognationibusque
418 1634 598 1707 hominum,
618 1634 675 1716 qui
699 1656 764 1697 una
788 1636 947 1712 coierunt,
965 1649 1126 1720 quantum

68 1750 104 1799 et
128 1757 196 1819 quo
218 1734 292 1797 loco
311 1734 418 1797 visum
439 1745 491 1798 est
514 1734 584 1815 agri
610 1735 807 1812 attribuunt,
825 1748 923 1819 atque
942 1758 1029 1801 anno
1053 1748 1126 1819 post

67 1838 134 1900 alio
152 1838 296 1901 transire
312 1849 445 1918 cogunt.
490 1835 599 1923 8Ejus
616 1838 662 1901 rei
689 1837 809 1900 multas
827 1838 967 1900 afferunt
991 1857 1126 1899 causas:
1146 1854 1174 1907 15

68 1959 122 2012 ne,
151 1938 287 2001 assidua
314 1938 554 2001 consuetudine
581 1937 680 2019 capti,
708 1938 853 1999 studium
882 1936 959 1999 belli
990 1936 1125 2018 gerendi

67 2038 276 2119 agricultura
294 2049 521 2114 commutent;
546 2060 587 2101 ne
610 2037 695 2100 latos
720 2036 803 2099 fines
827 2056 941 2119 parare
961 2038 1126 2111 studeant,

67 2138 342 2221 potentioresque
366 2137 557 2201 humiliores
581 2136 850 2220 possessionibus
874 2137 1038 2218 expellant
1052 2158 1059 2211 ;
1084 2156 1126 2199 ne

67 2239 259 2301 accuratius
282 2239 323 2300 ad
345 2236 471 2319 frigora
494 2251 595 2323 atque
618 2252 731 2303 aestus
756 2238 906 2300 vitandos
930 2236 1126 2311 aedificent;

67 2361 110 2402 ne
136 2360 204 2421 qua
228 2338 353 2401 oriatur
375 2340 534 2420 pecuniae
558 2340 733 2421 cupiditas
754 2358 820 2420 qua
842 2358 881 2399 ex
905 2358 940 2399 re
963 2334 1125 2400 factiones
1143 2354 1174 2390 20

67 2439 364 2521 dissensionesque
388 2452 589 2515 nascuntur3
617 2452 653 2506 ut
677 2438 779 2502 animi
803 2438 970 2519 aequitate
996 2436 1125 2517 plebem

67 2541 275 2613 contineant,
299 2560 374 2601 cum
403 2560 479 2603 suas
503 2540 645 2624 quisque
674 2560 753 2621 opes
782 2559 856 2601 cum
885 2536 1126 2620 potentissimis

66 2640 205 2723 aequari
221 2639 339 2703 videat.

113 2758 167 2820 23.
194 2739 394 2803 Civitatibus
418 2739 562 2804 maxima
583 2740 655 2803 laus
677 2750 737 2814 est,
760 2758 857 2821 quam
882 2736 1043 2801 latissime
1066 2736 1127 2801 cir-

66 2862 143 2905 cum
170 2860 206 2903 se
233 2840 370 2903 vastatis
399 2840 519 2904 finibus
547 2840 742 2903 solitudines
770 2838 900 2901 habere.
950 2837 1024 2900 Hoc
1053 2859 1126 2919 pro·
1144 2857 1173 2910 25

67 2943 178 3023 prium
222 2940 354 3003 virtutis
395 2941 596 3017 existimant,
638 2940 793 3021 expulsos
835 2939 923 3019 agris
966 2936 1124 3001 finitimos

67 3043 198 3116 cedere,
235 3060 344 3123 neque
383 3062 581 3123 quemquam
622 3061 724 3122 prope
763 3040 883 3101 audere
922 3036 1125 3102 consistere:

67 3142 170 3205 simul
200 3142 264 3205 hoc
292 3162 327 3204 se
354 3138 425 3206 fore
452 3142 591 3205 tutiores
619 3142 830 3213 arbitrantur,
858 3138 1050 3217 repentinae
1078 3138 1125 3200 in-

67 3242 234 3305 cursionis
271 3242 389 3306 timore
420 3243 561 3306 sublato.
616 3238 725 3305 ²Cum
761 3239 883 3303 bellum
918 3238 1034 3300 civitas
1068 3249 1124 3301 aut

68 3344 196 3407 illatum
228 3340 374 3406 defendit
409 3353 467 3407 aut
503 3341 612 3417 infert,
644 3342 856 3423 magistratus
889 3339 943 3421 qui
975 3340 1004 3401 ei
1038 3339 1123 3401 bello
1142 3361 1172 3409 3>

68 3445 227 3526 praesint,
258 3456 293 3507 ut
324 3445 410 3507 vitae
441 3445 597 3527 necisque
629 3443 774 3505 babeant
805 3451 1014 3523 potestatem,
1045 3438 1124 3501 deli·

67 3558 203 3627 guntur.
252 3542 314 3607 ³In
346 3565 427 3627 pace
459 3544 567 3608 nullus
599 3556 650 3607 est
681 3542 868 3606 communis
900 3540 1123 3621 magistratus

68 3650 127 3710 sed
153 3646 319 3728 principes
343 3646 514 3727 regionum
540 3658 639 3727 atque
666 3664 826 3725 pagorum
854 3642 941 3704 inter
965 3660 1042 3703 suos
1070 3638 1123 3720 jus

68 3750 195 3822 dicunt,
220 3747 526 3828 controversiasque
553 3746 717 3808 minuunt.
763 3741 978 3806 4Latrocinia
1001 3739 1121 3802 nullam

69 3850 194 3911 habent
230 3844 398 3909 infamiam
432 3868 515 3930 quae
546 3857 638 3909 extra
672 3844 755 3905 fines
789 3841 950 3923 cujusque
981 3836 1122 3901 civitatis
1140 3854 1168 3903 35

68 3949 164 4022 fiunt,
180 3960 281 4030 atque
302 3968 341 4010 ea
361 3946 546 4029 juventutis
570 3944 771 4007 exercendae
795 3961 832 4003 ac
850 3938 993 4001 desidiae
1018 3933 1122 3993 minu-
