2667 4159
63 189 92 242 B·
107 188 139 241 G·
153 188 189 241 V·
208 186 263 257 19·]
345 176 584 253 coesarcrosses
599 185 652 249 tlte
672 184 702 246 T
698 184 818 250 hames.
1061 196 1105 265 97

60 386 108 448 alii
132 384 288 466 deinceps
316 381 515 464 exciperent,
538 378 727 461 integrique
751 388 785 441 et
812 388 963 442 recentes
986 373 1105 441 delati·

58 488 136 567 gatis
153 486 380 549 succederent.

100 603 143 667 17.
169 588 307 650 Postero
334 584 387 647 die
419 581 532 666 procul
563 602 584 644 a
610 580 729 644 castris
761 581 875 643 hostes
903 579 935 641 in
963 578 1102 643 collibus

57 689 279 763 constiterunt,
297 686 427 770 rarique
444 706 480 746 se
495 683 680 756 ostendere,
697 692 731 743 et
756 682 862 743 lenius
879 700 977 763 quam
998 679 1103 762 pridie

57 802 177 852 nostros
192 790 323 872 equites
341 785 464 869 proelio
486 784 649 847 lacessere
666 791 852 864 coeperunt.
898 778 988 844 ²Sed
1006 780 1103 843 meri·
1123 800 1138 856 5

56 890 112 966 die,
137 912 212 953 cum
243 889 367 953 Caesar
397 884 575 969 pabulandi
603 904 703 947 causa
733 894 799 945 tres
831 883 976 964 legiones
1004 892 1103 965 atque

55 1012 176 1054 omnem
208 991 394 1073 equitatum
427 1009 503 1051 cum
536 985 573 1051 C.
605 984 772 1048 Trebonio
805 983 915 1063 legato
946 982 1100 1058 misisset,

55 1104 180 1173 repente
203 1114 246 1155 ex
272 1091 427 1153 omnibus
455 1088 604 1171 partibus
628 1088 668 1150 ad
697 1084 906 1167 pabulatores
931 1082 1102 1146 advolave-

55 1204 131 1266 runt,
157 1194 206 1256 sic
232 1192 281 1255 uti
313 1192 354 1253 ab
385 1191 490 1272 signis
521 1188 774 1271 legionibusque
800 1208 864 1249 non
890 1185 1099 1248 absisterent.

52 1289 193 1368 ³Nostri‚
216 1293 337 1355 acriter
359 1292 393 1354 in
417 1313 475 1355 eos
499 1291 625 1373 impetu
647 1288 745 1362 facto,
771 1288 970 1369 repulerunt,
994 1306 1150 1369 nequem

52 1394 144 1456 finem
160 1393 324 1475 sequendi
345 1390 507 1467 fecerunt,
524 1393 630 1475 quoad
655 1390 803 1454 subsidio
820 1390 936 1453 confisi
961 1389 1099 1473 equites,
1165 1379 1168 1387 ’

51 1506 218 1577 cumpost
242 1516 280 1557 se
302 1494 450 1575 legiones
474 1494 635 1567 viderent,
660 1492 859 1574 praecipites
884 1492 997 1554 hostes
1022 1512 1100 1573 ege-

52 1611 121 1657 runt
131 1620 139 1675 3
169 1616 361 1677 magnoque
387 1616 501 1657 eorum
533 1615 670 1656 numero
701 1590 886 1668 interfecto
916 1612 1022 1675 neque
1050 1592 1100 1655 sui

51 1695 221 1777 colligendi
249 1716 358 1778 neque
384 1694 589 1758 consistendi
616 1706 674 1758 aut
704 1716 744 1758 ex
770 1694 895 1757 essedis
926 1692 1099 1755 desiliendi

50 1792 235 1859 facultatem
260 1797 434 1859 dederunt.
478 1792 551 1858 4Ex
572 1795 636 1859 hac
658 1792 738 1877 tuga
760 1795 911 1877 protinus
933 1814 1017 1877 quae
1040 1815 1099 1857 un·
1121 1818 1150 1872 15

51 1896 142 1979 dique
169 1906 397 1961 convenerant
416 1896 536 1960 auxilia
551 1897 794 1973 discesserunt;
827 1916 933 1978 neque
961 1906 1035 1977 post
1066 1896 1098 1959 id

52 2006 177 2079 tempus
201 2017 360 2079 umquam
388 1995 527 2059 summis
553 1996 727 2060 nobiscum
753 1997 856 2079 copiis
884 1996 999 2060 hostes
1022 2018 1100 2060 con·

51 2098 232 2162 tenderunt.

93 2188 136 2263 1⁵8.
162 2199 297 2273 Caesar,
308 2193 443 2280 cognito
454 2193 592 2261 consilio
604 2218 728 2269 eorum,
740 2199 780 2261 ad
794 2198 915 2261 flumen
930 2198 1098 2261 Tamesim

52 2296 81 2361 in
109 2300 194 2361 fines
227 2298 467 2361 Cassivellauni
497 2299 678 2360 exercitum
710 2299 824 2375 duxit3
855 2300 943 2381 quod
976 2299 1098 2362 flumen
1119 2324 1149 2359 20

53 2418 111 2461 uno
139 2400 279 2490 omnipo
313 2398 386 2461 loco
419 2399 570 2480 pedibus,
601 2410 700 2481 atque
734 2400 796 2462 hoc
827 2420 934 2481 aegre,
968 2400 1098 2463 transiri

51 2511 162 2579 potest.
210 2496 287 2561 2Eo
307 2520 383 2561 cum
402 2483 557 2573 venisset,
574 2500 719 2561 animum
741 2493 882 2563 aduertit
900 2498 943 2563 ad
963 2500 1098 2563 alteram

51 2599 189 2663 fluminis
211 2602 316 2681 ripam
337 2620 475 2681 magnas
498 2619 573 2662 esse
595 2599 707 2680 copias
731 2598 874 2663 hostium
900 2602 1097 2679 instructas;

50 2700 114 2782 ripa
136 2714 252 2765 autem
275 2711 348 2763 erat
375 2699 481 2763 acutis
505 2700 642 2763 sudibus
670 2702 821 2782 praefixis
851 2704 986 2778 munita,
1011 2705 1097 2785 ejus-

50 2795 186 2885 demque
214 2801 346 2883 generis
370 2801 432 2862 sub
459 2822 545 2883 aqua
571 2802 696 2863 defixae
721 2804 819 2864 sudes
844 2803 979 2866 flumine
1008 2815 1098 2886 tege·
1118 2827 1148 2879 ²5

49 2901 173 2968 bantur.
229 2899 319 2963 ³His
351 2902 450 2963 rebus
481 2901 622 2982 cognitis
654 2924 674 2964 a
704 2904 843 2984 captivis
875 2903 1097 2989 perfugisque,

51 3001 176 3079 Caesar,
214 3000 397 3086 praemisso
434 3002 593 3083 equitatu,
627 3000 803 3066 confestim
840 3004 986 3086 legiones
1024 3009 1098 3070 sub-

50 3104 137 3186 sequi
161 3104 269 3189 jussit.
315 3097 406 3164 4Sed
429 3123 469 3164 ea
491 3102 659 3165 celeritate
683 3116 783 3186 atque
806 3126 845 3167 eo
869 3106 992 3188 impetu
1018 3108 1098 3171 mili-

51 3212 95 3265 tes
118 3204 238 3278 ierunt,
255 3224 331 3265 curn
347 3202 456 3283 capite
479 3202 550 3265 solo
572 3224 613 3265 ex
624 3199 714 3287 ¹aqua
729 3217 908 3282 exstarent,
925 3218 961 3269 ut
984 3208 1096 3271 hostes

50 3302 202 3384 impetum
234 3303 404 3383 legionum
431 3314 530 3385 atque
557 3303 705 3386 equitum
734 3306 898 3370 sustinere
926 3330 991 3371 non
1023 3330 1098 3390 pos·
1117 3335 1148 3385 30

51 3414 127 3479 sent,
143 3405 300 3487 ripasque
314 3400 521 3467 dimitterent
537 3425 575 3466 ac
593 3426 628 3467 se
644 3402 743 3487 fugae
761 3409 961 3472 mandarent.

93 3522 138 3587 19.
164 3502 443 3579 Cassivellaunus,
474 3515 511 3567 ut
546 3527 645 3587 supra
672 3508 982 3584 demonstravimus,
1007 3512 1097 3573 omni

51 3604 193 3685 deposita
221 3628 280 3687 spe
309 3605 543 3680 contentionis,
567 3607 713 3670 dimissis
741 3608 954 3689 amplioribus
983 3612 1095 3691 copiis,

53 3706 175 3769 milibus
203 3707 335 3770 circiter
365 3718 521 3789 quattuor
548 3709 787 3770 essedariorum
821 3710 950 3783 relictis,
978 3710 1097 3772 itinera

53 3816 156 3869 nostra
178 3808 353 3881 servabat;
381 3808 581 3889 paulumque
605 3829 644 3869 ex
668 3809 720 3869 via
744 3809 931 3880 excedebat,
948 3810 1095 3889 locisque
1114 3813 1145 3865 35

54 3902 209 3987 impeditis
237 3929 276 3971 ac
304 3906 512 3971 silvestribus
540 3929 613 3969 sese
637 3908 831 3977 occultabat,
858 3917 956 3987 atque
979 3907 1018 3965 iis
1046 3925 1093 3967 re-

569 4016 585 4065 7.
