2667 4159
218 172 276 240 108
404 159 539 236 Cicero’s
554 160 748 232 Braveana'
760 160 912 228 Prudent
930 159 1077 229 Conderet.
1140 158 1266 234 [CAESAR

213 369 331 429 deesse
353 360 444 444 operi
468 360 663 422 videbantur
687 356 909 439 perficiuntur.
954 352 1106 418 ³Hostes
1134 368 1268 438 postero

214 470 276 541 die,
301 465 404 527 multo
432 460 610 542 majoribus
638 458 761 521 coactis
789 456 900 537 copiis,
929 468 1037 519 eastra
1064 454 1268 539 oppugnant,

214 567 337 632 fossam
354 564 533 646 complent.v
577 560 701 622 Eadem
726 558 853 620 ratione
869 578 932 639 qua
957 557 1065 639 pridie
1085 559 1270 623 abnostris

215 668 398 733 resistitur:
422 665 484 725 hoc
501 662 587 723 idem
601 661 758 739 deinceps
771 656 904 740 reliquis
919 658 956 720 fit
973 658 1098 723 diebus
1146 656 1271 722 *Nulla

184 790 291 854 5pars
317 764 469 829 nocturni
496 760 654 842 temporis
682 762 722 822 ad
750 760 894 822 laborem
924 759 1174 823 intermittitur:
1203 781 1271 821 non

216 870 334 952 aegris,
359 888 425 929 non
452 862 639 935 vulneratis,
666 858 806 923 facultas
836 860 956 942 quietis
985 863 1091 925 datur.
1138 858 1273 942 5Quae-

216 990 357 1053 cumque
373 968 413 1029 ad
431 963 569 1047 proximi
586 962 651 1025 diei
668 962 948 1043 oppugnationem
966 983 1049 1044 opus
1067 974 1155 1036 sunt,
1170 972 1271 1023 noctu

217 1080 467 1153 comparantur:
491 1064 614 1127 multae
630 1074 804 1144 praeustae
817 1064 925 1138 sudes,
940 1083 1080 1145 magnus
1094 1061 1273 1125 muralium

216 1174 356 1256 pilorum
398 1186 555 1230 numerus
597 1162 804 1239 instituitur;
848 1177 952 1227 turres
990 1162 1273 1237 contabulantur;

170 1309 200 1344 10
217 1276 338 1359 pinnae
357 1268 543 1350 loricaeque
559 1286 599 1328 ex
615 1263 761 1347 cratibus
778 1276 978 1329 attexuntur.
1024 1262 1126 1345 4lpse
1145 1263 1273 1337 Cicero,

218 1396 293 1441 cum
319 1370 512 1435 tenuissima
531 1366 721 1428 valetudine
741 1378 840 1443 esset,
857 1388 899 1431 ne
919 1378 1118 1429 nocturnum
1139 1364 1273 1446 quidem

220 1477 283 1541 sibi
310 1486 441 1553 tempus
470 1470 510 1531 ad
538 1468 682 1549 quietem
713 1468 928 1551 relinquebat,
953 1477 988 1529 ut
1017 1466 1101 1529 ultro
1131 1464 1273 1527 militum

221 1596 383 1642 concursu
400 1594 439 1635 ac
455 1570 592 1633 vocibus
611 1567 674 1631 sibi
691 1590 824 1651 parcere
841 1577 1022 1650 cogeretur.

262 1698 315 1758 41.
339 1677 435 1737 Tunc
453 1673 554 1734 duces
576 1671 808 1753 principesque
830 1669 1037 1755 Nerviorum,
1054 1666 1110 1748 qui
1132 1664 1275 1749 aliquem

174 1809 203 1861 15
221 1778 383 1845 sermonis
413 1776 538 1838 aditum
574 1792 774 1855 causamque
809 1768 972 1832 amicitiae
1003 1786 1077 1829 cum
1114 1766 1277 1828 Cicerone

221 1880 398 1953 habebant,
415 1874 556 1957 colloqui
581 1894 654 1937 sese
675 1872 759 1935 velle
779 1871 903 1933 dicunt.
947 1864 1075 1930 ²Facta
1099 1877 1277 1947 potestate,

223 1983 337 2046 eadem
361 1999 445 2062 quae
473 1975 648 2038 Ambiorix
676 1994 751 2036 cum
779 1971 909 2033 Titurio
937 1976 1050 2050 egerat
1078 1986 1277 2029 commemo-

223 2095 317 2147 rant:
341 2100 472 2143 omnem
489 2098 564 2141 esse
581 2076 730 2139 inarmis
749 2072 899 2144 Galliam,
917 2070 1101 2133 Germanos
1120 2068 1275 2129 Rhenum

224 2183 394 2258 transisse,
427 2178 578 2243 Caesaris
610 2176 878 2259 reliquorumque
913 2172 1051 2233 hiberna
1081 2167 1276 2250 oppugnari.

175 2317 206 2357 20
223 2284 388 2348 3Addunt
415 2282 515 2345 etiam
540 2281 582 2342 de
610 2276 725 2341 Sabini
754 2285 880 2349 morte;
908 2270 1140 2349 Ambiorigem
1170 2277 1278 2330 osten-

225 2400 296 2452 tant
322 2385 397 2475 fidei
419 2382 592 2447 faciendae
610 2397 722 2443 causa.
771 2376 889 2437 Errare
913 2393 968 2435 eos
992 2371 1116 2440 dicunt,
1137 2367 1166 2429 si
1191 2367 1279 2451 quic-

225 2512 322 2573 quam
343 2490 385 2552 ab
408 2488 460 2550 his
485 2481 639 2568 praesidii
664 2487 799 2561 sperent
824 2474 878 2557 qui
903 2473 969 2535 suis
993 2471 1090 2533 rebus
1109 2468 1279 2542 diffidant;

226 2614 301 2656 sese
328 2603 440 2654 tamen
472 2589 534 2651 hoc
563 2604 637 2648 esse
665 2581 697 2643 in
732 2578 924 2642 Ciceronem
957 2570 1184 2654 populumque
1217 2569 1280 2630 Ro·

227 2715 360 2757 manum
377 2692 496 2765 animo,
514 2699 551 2752 ut
568 2686 648 2749 nihil
667 2681 729 2745 nisi
746 2678 883 2743 hiberna
899 2683 1060 2745 recusent,
1077 2681 1179 2752 atque
1196 2670 1279 2730 hanc

179 2813 209 2865 ²5
227 2796 469 2858 inveterascere
500 2784 775 2853 consuetudinem
809 2777 936 2849 nolint;
970 2773 1068 2835 licere
1099 2770 1162 2831 illis
1195 2769 1281 2831 inco

228 2897 371 2959 lumibus
396 2915 453 2976 per
469 2914 504 2955 se
524 2912 564 2954 ex
583 2885 730 2951 hibernis
749 2878 928 2949 discedere,
946 2885 978 2937 et
997 2890 1225 2955 quascumque
1250 2871 1281 2930 in

230 3009 340 3079 partes
371 2995 475 3057 velint
507 2992 579 3054 sine
610 2997 699 3050 metu
733 2977 907 3065 proficisci.
957 2973 1097 3036 ⁴¹Cicero
1128 2971 1170 3033 ad
1202 2970 1282 3038 haec

230 3120 331 3161 unum
349 3098 447 3159 modo
464 3091 652 3174 respondit:
676 3087 772 3149 ‘Non
792 3100 866 3145 esse
879 3073 1154 3141 consuetudinem
1172 3069 1282 3151 populi

232 3198 383 3269 Romani,
401 3196 550 3276 accipere
574 3191 616 3253 ab
641 3190 737 3250 hoste
760 3192 886 3248 armato
911 3174 1158 3247 condicionem3
1188 3168 1217 3233 si
1242 3170 1280 3231 ab

184 3326 214 3377 30
231 3301 331 3363 armis
356 3297 526 3359 discedere
551 3291 660 3363 velint,
679 3310 713 3351 se
742 3284 893 3367 adjutore
921 3286 1056 3341 utantur
1089 3273 1282 3353 legatosque

232 3403 273 3463 ad
303 3400 479 3462 Caesarem
505 3394 658 3466 mittant;
690 3406 830 3469 sperare,
856 3402 915 3465 pro
940 3378 1012 3460 ejus
1035 3372 1176 3459 justitia,
1201 3391 1282 3453 quae

234 3499 389 3584 petierint
414 3489 664 3578 impetraturos'

277 3618 327 3679 42.
354 3599 410 3660 Ab
434 3598 494 3658 hac
512 3615 571 3675 spe
587 3590 706 3672 repulsi
733 3585 848 3650 Nervii
867 3582 951 3646 vallo
976 3580 1098 3661 pedum
1116 3594 1236 3637 novem
1254 3583 1284 3634 et

234 3699 323 3763 fossa
356 3698 475 3779 pedum
509 3692 696 3776 quindecim
731 3687 869 3750 hiberna
903 3684 1052 3763 cingunt.
1107 3674 1230 3739 ²Haec
1255 3683 1283 3735 et

187 3821 218 3874 35
237 3800 438 3882 superiorum
468 3813 628 3857 annorum
657 3786 898 3853 consuetudine
926 3784 967 3845 ab
996 3779 1092 3843 nobis
1125 3791 1284 3859 cognove-

237 3909 322 3972 rant,
339 3909 371 3960 et
396 3895 553 3978 quosdam
579 3893 620 3954 de
643 3889 787 3953 exercitu
812 3884 978 3947 habebant
995 3879 1153 3963 captivos
1171 3878 1213 3941 ab
1237 3875 1283 3940 his
