2667 4159
154 165 193 243 38
391 162 469 224 War
488 163 528 244 of
545 162 598 224 tlte
619 159 763 242 Belgian
789 157 1010 240 Consederacy.
1139 131 1267 243 [Casan

195 363 321 438 quanto
337 373 436 436 opere
454 353 501 416 rei
524 352 677 436 publicae
703 351 957 433 communisque
980 351 1099 414 salutis
1123 351 1264 414 intersit

196 472 314 515 manus
353 451 498 514 hostium
531 450 695 526 distineri,
727 469 770 512 ne
802 469 876 512 cum
913 457 1008 511 tanta
1038 449 1265 512 multitudine

196 569 262 612 uno
286 558 436 630 tempore
460 548 707 630 confligendum
733 547 785 609 sit.
832 543 897 619 3ld
917 545 989 608 fieri
1006 565 1116 627 posse,
1135 545 1162 608 si
1182 566 1264 608 suas

195 646 308 727 copias
333 645 467 708 Haedui
491 646 525 708 in
549 646 634 708 fines
666 644 916 707 Bellovacorum
941 643 1201 718 introduxerint,
1228 653 1263 705 et

169 763 310 818 seorum
342 763 440 824 agros
471 742 621 825 populari
652 741 842 823 coeperint·
883 740 948 802 His
975 740 1153 816 mandatis,
1182 761 1261 803 eum

194 841 237 903 ab
268 859 304 902 se
336 839 486 902 dimittit.
542 837 748 921 4Postquam
780 858 898 901 omnes
932 836 1111 918 Belgarum
1144 838 1263 918 copias

195 937 228 1000 in
253 957 356 1000 unum
381 936 490 999 locum
515 947 647 1000 coactas
671 936 713 998 ad
738 955 774 998 se
797 935 912 998 venire
935 935 1029 1009 vidit,
1055 955 1167 1017 neque
1192 935 1262 1014 jam

195 1035 295 1116 longe
326 1035 444 1097 abesse
468 1035 509 1097 ab
534 1033 574 1096 iis
597 1054 681 1116 quos
706 1033 841 1096 miserat
865 1032 1133 1114 exploratoribus
1158 1042 1194 1094 et
1219 1033 1262 1093 ab

196 1131 313 1194 Remis
338 1131 506 1214 cognovit,
524 1131 649 1196 flumen
673 1131 839 1205 Axonam,
856 1131 945 1213 quod
968 1140 1022 1194 est
1046 1130 1080 1191 in
1097 1129 1263 1192 extremis

155 1252 183 1286 io
196 1231 379 1292 Remorum
426 1229 558 1302 finibus,
606 1228 788 1292 exercitum
833 1229 1010 1290 traducere
1065 1227 1261 1299 maturavit,

194 1337 294 1409 atque
326 1325 372 1388 ibi
404 1336 513 1389 castra
551 1326 671 1408 posuit,
718 1321 844 1407 ⁵Quae
875 1345 928 1387 res
959 1334 994 1386 et
1033 1323 1121 1386 latus
1153 1345 1262 1386 unum

195 1433 380 1487 castrorum
412 1423 492 1505 ripis
524 1423 670 1486 fluminis
701 1423 884 1497 muniebat,
909 1432 943 1485 et
967 1432 1043 1504 post
1068 1443 1145 1483 eum
1174 1441 1263 1502 quae

194 1531 309 1585 essent
342 1530 415 1584 tuta
446 1521 488 1584 ab
519 1521 672 1583 hostibus
704 1520 887 1596 reddebat;
910 1529 954 1593 et,
980 1528 1192 1582 commeatus
1219 1519 1263 1579 ab

196 1618 314 1681 Remis
339 1618 540 1700 reliquisque
567 1617 768 1690 civitatibus,
785 1627 822 1678 ut
846 1617 920 1680 sine
944 1617 1091 1698 periculo
1115 1617 1157 1676 ad
1183 1636 1261 1678 eum

155 1715 320 1798 15portari
351 1725 465 1796 posset
502 1715 678 1777 efficiebat.
724 1711 789 1776 ⁶ln
819 1734 860 1777 eo
891 1714 1028 1775 flumine
1060 1733 1146 1793 pons
1179 1721 1261 1774 erat.

197 1812 250 1875 Ibi
281 1813 483 1893 praesidium
517 1812 621 1894 ponit,
647 1822 682 1874 et
713 1811 746 1873 in
778 1811 883 1873 altera
913 1820 1008 1892 parte
1039 1809 1190 1872 fluminis
1219 1809 1261 1890 Q.

196 1910 362 1974 Titurium
397 1908 558 1972 Sabinum
586 1908 735 1990 legatum
768 1929 843 1970 cum
875 1927 934 1970 sex
964 1907 1161 1970 cohortibus
1190 1907 1265 1968 reli-

196 2008 291 2090 quit;
327 2015 435 2069 castra
466 2006 500 2067 in
532 2006 746 2070 altitudinem
770 2006 892 2086 pedum
917 2023 968 2066 xn
991 2003 1079 2066 vallo
1102 2002 1265 2085 fossaque

196 2105 427 2188 duodeviginti
444 2105 567 2186 pedum
584 2103 713 2165 munire
736 2102 840 2184 jubet.

154 2227 185 2260 20
240 2205 269 2266 6.
295 2203 353 2266 Ab
369 2203 421 2266 his
443 2201 561 2264 castris
584 2200 743 2281 oppidum
769 2201 952 2262 Remorum
975 2199 1113 2261 nomine
1138 2199 1265 2262 Bibrax

196 2302 311 2364 aberat
350 2299 441 2362 milia
479 2317 637 2380 passuum
678 2307 762 2362 oct0.
811 2295 850 2357 Id
888 2316 930 2358 ex
967 2295 1090 2358 itinere
1137 2316 1264 2378 magno

198 2399 326 2481 impetu
365 2398 489 2478 Belgae
520 2413 715 2476 oppugnare
747 2403 939 2473 coeperunt.
987 2392 1103 2474 Aegre
1136 2413 1178 2455 eo
1210 2394 1264 2455 die

199 2503 426 2557 sustentatum
466 2503 525 2556 est.
572 2487 768 2552 ²Gallorum
799 2491 916 2552 eadem
947 2500 1050 2571 atque
1082 2491 1264 2571 Belgarum
1326 2492 1327 2495 ’

199 2591 423 2673 oppugnatio'
443 2600 494 2654 est
532 2590 622 2650 haec.
683 2587 752 2650 Ubi
789 2587 1006 2667 circumjecta
1045 2587 1266 2650 multitudine

157 2689 373 2761 25hominum
404 2687 485 2750 totis
518 2685 693 2748 moenibus
726 2685 873 2767 undique
903 2684 936 2745 in
968 2706 1103 2746 murum
1134 2684 1265 2765 lapides

200 2785 264 2867 jaci
289 2785 401 2864 coepti
432 2793 521 2857 sunt,
546 2803 726 2864 murusque
755 2778 990 2843 defensoribus
1022 2784 1171 2845 nudatus
1203 2794 1264 2855 est,

201 2881 373 2944 testudine
396 2878 493 2953 facta,
512 2890 624 2961 portas
650 2879 834 2942 succedunt
860 2899 1061 2960 murumque
1086 2881 1263 2942 subruunt.

201 2976 326 3058 ³Quod
357 2986 429 3038 turn
460 2973 557 3038 facile
588 2975 698 3038 fiebat.
746 2976 832 3038 Nam
861 2997 937 3038 cum
961 2985 1059 3039 tanta
1082 2977 1265 3040 multitudo

202 3073 328 3153 lapides
345 3093 383 3135 ac
399 3073 467 3135 tela
484 3071 685 3144 conicerent,
704 3071 737 3133 in
755 3092 850 3135 muro
874 3073 1088 3136 consistendi
1110 3085 1265 3156 potestas

161 3192 191 3238 30
203 3180 274 3231 erat
314 3168 405 3230 nulli.
462 3165 572 3229 teum
613 3169 713 3229 tinem
753 3170 969 3251 oppugnandi
1009 3191 1078 3233 nox
1115 3169 1264 3244 fecisset,

205 3265 314 3327 Iccius
340 3265 475 3337 Remus,
501 3284 630 3326 summa
656 3264 830 3328 nobilitate
862 3276 896 3328 et
920 3268 1030 3348 gratia
1049 3268 1153 3331 inter
1178 3290 1263 3343 suos,

204 3361 259 3443 qui
291 3369 362 3421 tum
395 3360 514 3440 oppido
545 3357 742 3440 praefuerat,
769 3382 854 3424 unus
885 3384 927 3425 ex
950 3365 991 3427 iis
1015 3365 1073 3446 qui
1097 3364 1204 3447 legati
1227 3367 1266 3427 de

204 3477 285 3539 pace
310 3456 350 3517 ad
376 3456 552 3518 Caesarem
577 3467 749 3531 venerant,
774 3459 929 3521 nuntium
961 3462 1003 3524 ad
1036 3483 1114 3524 eum
1139 3463 1266 3525 mittit:

205 3552 269 3614 nisi
298 3551 481 3613 subsidium
507 3551 569 3613 sibi
594 3553 820 3630 submittatur,
846 3576 921 3619 sese
945 3558 1073 3622 diutius
1098 3560 1267 3623 sustinere

163 3669 192 3721 35
206 3669 273 3710 non
291 3667 398 3728 posse.

250 3759 277 3827 7.
305 3745 354 3807 Eo
378 3745 419 3808 de
450 3745 559 3811 media
582 3756 680 3810 nocte
712 3746 843 3828 Caesar,
870 3751 976 3820 isdem
1011 3754 1157 3824 ducibus
1192 3778 1268 3822 usus
