2667 4159
64 170 94 251 u.
109 200 143 251 G.
159 198 198 250 ΙΙ.
218 198 271 267 17.]
510 182 575 245 Tlte
597 183 723 247 Neruii.
1124 204 1164 267 43

63 376 213 452 conlatiS,
245 377 287 439 ab
318 397 358 438 eo
389 375 463 438 loco
495 374 529 437 in
560 376 646 438 fines
678 375 925 441 Ambianorum
956 378 1120 460 pervenit,

62 474 114 555 qui
145 495 182 537 se
213 494 337 557 suaque
369 473 481 536 omnia
512 473 584 535 sine
616 493 710 535 mora
740 475 947 539 dediderunt.
997 477 1121 539 Eorum

63 572 143 633 lines
169 572 288 635 Nervii
313 571 526 653 attingebant
541 591 548 647 ;
573 591 712 653 quorum
743 572 785 633 de
817 581 936 635 natura
966 574 1124 637 moribus-

62 689 122 749 que
161 668 289 731 Caesar
318 688 393 731 cum
432 678 616 750 quaereret,
649 668 696 731 sic
735 669 945 749 reperiebat:
985 671 1121 734 Nullum

62 766 186 829 aditum
212 786 288 829 esse
312 767 354 829 ad
377 786 435 828 eos
459 766 722 842 mercatoribus;
746 766 829 828 nibil
860 767 928 849 pati
952 768 1021 829 vini
1052 769 1123 831 reli·
1151 792 1165 845 5

61 884 266 946 quarumque
290 884 398 926 rerum
423 861 547 939 inferri,
570 864 657 946 quod
681 864 722 925 iis
746 864 846 927 rebus
870 865 1123 947 relanguescere

62 962 190 1023 animos
209 961 352 1044 [eorum]
371 971 404 1023 et
422 962 548 1024 remitti
564 962 724 1024 virtutem
749 962 999 1027 existimarent:
1022 962 1122 1027 ⁴esse

62 1059 214 1121 homines
245 1056 337 1121 feros
367 1078 574 1142 magnaeque
605 1059 762 1137 virtutis;
793 1060 991 1143 increpitare
1022 1071 1122 1144 atque

64 1144 214 1219 in‘cusare
240 1157 385 1238 reliquos
410 1156 540 1238 Belgas
566 1157 621 1239 qui
646 1176 682 1219 se
706 1158 829 1239 populo
859 1158 1012 1221 Romano
1034 1160 1123 1221 dedi·

63 1255 189 1316 dissent
223 1254 432 1335 patriamque
463 1254 622 1317 virtutem
654 1254 899 1336 projecissent;
927 1257 1122 1320 confirmare
1137 1280 1167 1315 10

65 1372 135 1414 sese
159 1371 270 1435 neque
294 1352 425 1433 legatos
448 1351 619 1427 missuros,
637 1372 746 1435 neque
770 1353 870 1416 ullam
891 1354 1121 1419 condicionem
1180 1390 1184 1395 -

64 1450 150 1530 pacis
167 1459 375 1531 accepturos.

109 1548 153 1609 16.
181 1546 270 1609 Cum
294 1566 354 1628 per
377 1566 491 1609 eorum
522 1546 607 1609 fines
639 1547 786 1609 triduum
818 1546 883 1612 iter
905 1546 1052 1624 lecisset,
1078 1550 1124 1613 in·

65 1644 217 1706 veniebat
243 1664 285 1705 ex
300 1643 441 1725 captivis
466 1643 580 1708 Sabim
605 1644 729 1707 flumen
752 1646 794 1707 ab
818 1646 937 1709 castris
962 1647 1030 1710 suis
1054 1667 1122 1711 non

66 1742 203 1823 amplius
235 1740 328 1803 milia
358 1760 516 1824 passuum
548 1759 571 1803 Χ
605 1742 746 1805 abesse:
782 1739 901 1806 ²trans
933 1743 965 1805 id
997 1743 1165 1819 flumen15

65 1859 176 1902 omnes
210 1837 355 1903 Nervios
385 1839 589 1916 consedisse,
613 1840 863 1923 adventumque
886 1840 932 1903 ibi
958 1841 1124 1905 Romano

67 1962 132 2005 rum
164 1954 372 2026 exspectare,
398 1964 464 2006 una
495 1961 569 2005 curn
600 1938 779 2001 Atrebatis
810 1948 845 2002 et
867 1939 1121 2016 Veromanduis‚

66 2038 212 2104 finitimis
247 2041 315 2105 suis
342 2042 430 2122 (nam
454 2040 507 2102 his
531 2037 682 2122 utrisque
705 2048 951 2123 persuaserant,
976 2040 1025 2102 uti
1049 2060 1124 2103 ean-

66 2136 136 2201 dem
167 2140 249 2203 belli
280 2137 449 2202 fortunam
480 2140 746 2222 experirentur);
776 2136 993 2224 ³exspectari
1020 2141 1121 2205 etiam

65 2236 103 2297 ab
119 2236 169 2301 his
186 2238 442 2302 Aduatucorum
460 2239 571 2321 copias
588 2249 689 2321 atque
705 2258 780 2303 esse
795 2238 830 2302 in
847 2240 988 2317 itinere;
1011 2240 1124 2303 mulie·
1136 2260 1168 2296 κο

65 2352 114 2396 res
131 2335 253 2418 quique
285 2355 344 2417 per
366 2345 512 2400 aetatem
537 2338 578 2401 ad
603 2359 749 2421 pugnam
773 2338 908 2403 inutiles
930 2337 1124 2401 viderentur

68 2429 97 2490 in
120 2452 194 2495 eum
219 2434 330 2496 locum
363 2434 559 2516 conjecisse,
585 2456 649 2518 quo
674 2446 810 2519 propter
832 2436 971 2519 paludes
1001 2434 1124 2499 exerci-

67 2528 110 2589 tui
125 2530 234 2594 aditus
253 2552 321 2595 non
338 2543 438 2596 esset.

112 2641 153 2705 17.
181 2628 250 2691 His
276 2630 374 2693 rebus
404 2630 558 2712 cognitis,
584 2630 811 2712 exploratores
839 2630 1122 2713 centurionesque
1168 2670 1172 2677 ‹

67 2729 256 2805 praemittit,
282 2729 337 2812 qui
367 2730 477 2792 locum
501 2729 656 2792 idoneum
681 2729 800 2792 castris
831 2729 989 2811 deligant.
1037 2729 1122 2793 Cum
1135 2749 1165 2801 25

67 2842 103 2884 ex
124 2826 293 2889 dediticiis
318 2827 432 2908 Belgis
464 2826 664 2909 reliquisque
697 2826 802 2890 Gallis
826 2826 1014 2908 complures
1042 2824 1123 2890 Cae·

68 2940 166 2985 sarem
191 2924 301 2987 secuti
325 2946 391 2987 una
407 2925 472 2988 iter
487 2922 646 3000 lacerent,
665 2924 799 3006 quidam
816 2946 856 2988 ex
872 2924 933 2999 his,
951 2934 986 2986 ut
1004 2933 1123 3005 postea

68 3037 103 3079 ex
131 3022 274 3103 captivis
302 3022 472 3104 cognitum
500 3032 561 3096 est,
586 3041 700 3084 eorum
725 3022 853 3085 dierum
877 3017 1122 3085 consuetudine

68 3113 187 3181 itineris
220 3120 328 3182 nostri
359 3120 538 3203 exercitus⁴
557 3130 742 3201 perspecta,
776 3129 874 3182 nocte
905 3120 945 3182 ad
978 3119 1122 3181 Nervios

69 3213 310 3305 pervenerunt]
333 3214 457 3300 ²atque
481 3217 533 3279 his
557 3218 829 3279 demonstrarunt
860 3217 949 3281 inter
973 3216 1121 3298 singulas
1134 3238 1166 3287 30

69 3307 210 3391 legiones
243 3316 558 3397 impedimentorum
590 3335 748 3397 magnum
776 3334 951 3377 numerum
983 3314 1122 3378 interce-

70 3406 149 3486 dere,
173 3432 282 3495 neque
315 3434 389 3475 esse
421 3394 766 3495 quicquam'negotii,
789 3404 866 3474 ‘cum
898 3411 1002 3492 prima
1032 3411 1121 3492 legio

71 3502 99 3565 in
122 3519 228 3572 castra
250 3510 410 3585 venisset,
436 3511 649 3593 reliquaeque
682 3509 831 3591 legiones
863 3530 1019 3590 magnum
1052 3528 1123 3590 spa-

70 3600 343 3681 tiumzabessent,
372 3608 458 3671 hanc
491 3609 553 3671 sub
586 3608 724 3670 sarcinis
756 3606 900 3681 adoriri;
930 3626 995 3687 qua
1026 3604 1121 3686 pulsa

72 3694 375 3786 impedimentisque
406 3698 553 3786 direptis
581 3703 730 3767 futurum
759 3710 796 3766 ut
828 3704 972 3784 reliquae
1005 3711 1121 3764 contra
1134 3722 1163 3775 35

75 3799 244 3865 consistere
276 3823 344 3864 non
380 3804 548 3865 auderent.
610 3799 829 3881 ³Adjuvabat
867 3800 967 3861 etiam
1006 3818 1117 3860 eorum
