2667 4159
208 181 266 236 122
547 160 673 251 Victory
688 162 729 253 of
737 154 909 235 [abz'enus.
1133 151 1259 238 [CAESAR

203 365 271 449 pati
298 364 506 447 dignitatem,
531 373 567 427 ut
595 363 696 426 tantis
721 363 824 444 copiis
850 372 917 426 tam
944 362 1096 445 exiguam
1121 384 1257 426 manum

204 467 396 549 praesertim
415 463 596 547 fugientem
612 475 712 547 atque
731 464 922 547 impeditam
939 464 1057 526 adoriri
1076 484 1142 527 non
1159 466 1259 527 aude-

203 580 260 631 ant
270 604 313 613 -
323 568 444 629 flumen
459 567 599 630 transire
612 577 644 628 et
659 564 771 647 iniquo
786 564 858 627 loco
871 564 1078 628 committere
1095 565 1256 646 proelium

203 690 270 732 non
304 668 464 731 dubitant.
524 662 645 749 ²Quae
679 664 748 729 lore
782 665 969 752 suspicatus
1007 665 1188 741 Labienus,
1224 678 1260 731 ut

171 790 318 854 5omnes
349 769 432 831 citra
462 768 585 830 flumen
616 767 758 842 eliceret,
786 768 900 830 eadem
934 786 1012 830 usus
1043 766 1259 832 simulatione

203 869 337 943 itineris,
355 868 482 950 placide
505 867 784 950 progrediebatur.
830 864 947 943 8Τυῐη,
968 867 1156 949 praemissis
1183 888 1260 950 pau-

202 971 268 1033 lum
298 970 544 1052 impedimentis
567 982 666 1052 atque
694 970 726 1031 in
754 968 881 1031 tumulo
904 969 1047 1051 quodam
1076 968 1259 1045 collocatis,

203 1071 401 1147 “Habetis'’
431 1070 545 1153 inquit,
573 1077 590 1103 “
601 1070 729 1143 milites,
757 1089 857 1152 quarn
887 1069 1016 1151 petistis
1046 1066 1259 1134 facultatem:

203 1174 332 1235 hostem
361 1172 519 1253 impedito
546 1182 645 1254 atque
672 1169 787 1253 iniquo
813 1170 885 1232 loco
914 1170 1055 1234 tenetis:
1087 1181 1259 1252 praestate

156 1302 184 1341 ιο
202 1274 341 1337 eandem
377 1272 473 1335 nobis
509 1272 648 1334 ducibus
687 1272 844 1334 virtutem
882 1292 980 1354 quam
1017 1290 1259 1353 saepenumero

203 1373 391 1456 imperatori
429 1372 660 1454 praestitistis;
699 1382 799 1455 atque
829 1371 946 1434 adesse
981 1372 1071 1435 illurn
1106 1382 1141 1437 et
1177 1374 1259 1437 haec

202 1496 313 1539 coram
341 1494 475 1538 cernere
505 1472 722 1538 existimate.”
767 1470 899 1535 ⁴Simu1
932 1472 1026 1555 signa
1052 1474 1094 1537 ad
1126 1474 1258 1538 hostem

203 1576 351 1640 converti
377 1575 548 1658 aciemque
571 1572 668 1655 dirigi
690 1573 802 1657 jubet;
827 1584 869 1648 et,
886 1574 999 1654 paucis
1024 1575 1140 1638 turmis
1165 1598 1260 1658 prae-

203 1678 286 1741 sidio
303 1678 342 1739 ad
359 1676 596 1758 impedimenta
611 1674 766 1748 dimissis,
784 1673 927 1757 reliquos
945 1675 1073 1757 equites
1091 1677 1132 1739 ad
1151 1674 1260 1742 latera

155 1804 184 1856 ¹5
202 1780 357 1862 disponit.
404 1777 564 1841 Celeriter
586 1776 699 1851 nostri,
716 1776 859 1839 clamore
879 1776 1018 1851 sublato,
1035 1776 1101 1858 pila
1125 1778 1160 1841 in
1186 1779 1260 1843 bos·

202 1893 253 1945 tes
287 1881 478 1944 immittunt.
532 1875 617 1953 ⁶Illi,
652 1876 707 1941 ubi
741 1888 872 1959 praeter
901 1898 992 1959 spem
1024 1898 1107 1960 quos
1141 1876 1259 1962 lugere

203 1983 381 2045 credebant
408 1979 538 2044 infestis
566 1978 671 2061 signis
698 1978 739 2041 ad
767 1998 803 2041 se
831 1977 878 2041 ire
904 1978 1065 2055 viderunt,
1094 1980 1256 2064 impetum

203 2084 300 2147 modo
319 2081 405 2146 ierre
424 2102 489 2145 non
512 2091 701 2163 potuerunt,
721 2100 758 2142 ac
779 2079 885 2162 primo
905 2100 1068 2145 concursu
1087 2081 1122 2145 in
1142 2080 1256 2166 fugam

201 2184 343 2268 conjecti
375 2183 539 2265 proximas
571 2182 669 2245 silvas
700 2180 877 2263 petierunt.
934 2178 1051 2265 ⁶Quos
1087 2183 1256 2249 Labienus

155 2316 185 2353 20
202 2288 351 2370 equitatu
382 2295 602 2360 consectatus
630 2303 751 2365 magno
783 2303 920 2346 numero
952 2281 1136 2363 intersect0,
1169 2306 1257 2351 com-

202 2389 349 2471 pluribus
381 2386 494 2470 captis,
526 2385 639 2468 paucis
671 2397 745 2466 post
775 2384 891 2448 diebus
922 2385 1090 2449 civitatem
1123 2388 1255 2469 recepit.

204 2490 289 2552 Nam
319 2488 486 2561 Germani,
510 2488 565 2570 qui
593 2486 714 2550 auxilio
742 2485 925 2562 veniebant,
952 2499 1108 2570 percepta
1134 2489 1256 2554 Treve-
1316 2566 1317 2573 ἵ

203 2612 311 2653 rorum
339 2588 424 2672 fuga,
451 2610 525 2652 sese
552 2590 686 2651 domum
715 2598 919 2669 receperunt.
965 2586 1074 2652 ⁷Cum
1103 2589 1156 2653 his
1185 2613 1256 2673 pro·
1316 2624 1317 2633 ἱ

202 2691 317 2774 pinqui
354 2676 580 2764 Indutiomari,
613 2690 670 2773 qui
704 2686 900 2752 deiectionis
932 2702 1084 2753 auctores
1115 2690 1256 2768 fuerant,

154 2821 185 2873 25
203 2792 352 2856 comitati
372 2812 428 2855 eos
444 2813 484 2855 ex
500 2790 635 2854 civitate
650 2801 872 2855 excesserunt.
921 2789 1140 2875 Cingetorigi,
1157 2814 1254 2877 quem
1315 2870 1316 2875 ἵ

203 2895 245 2957 ab
264 2893 358 2957 initio
380 2891 601 2975 permansisse
624 2892 657 2953 in
677 2890 785 2955 officio
809 2891 1117 2969 demonstravimus
1135 2895 1254 2976 princi-

203 3007 301 3078 patus
319 3008 418 3079 atque
435 2994 608 3076 imperium
625 3004 676 3056 est
693 2992 856 3056 traditum.

246 3116 278 3178 9.
304 3096 434 3169 Caesar,
458 3108 632 3177 postquam
657 3115 698 3157 ex
723 3094 886 3177 Menapiis
910 3094 942 3158 in
967 3095 1131 3160 Treveros
1156 3097 1253 3172 venit,

203 3199 332 3260 duabus
355 3199 396 3261 de
419 3195 528 3259 causis
554 3196 708 3258 Rhenum
734 3196 875 3258 transire
898 3197 1092 3261 constituit:
1116 3218 1253 3281 quarum
1314 3198 1315 3277 ,

156 3321 187 3371 30
205 3320 271 3361 una
286 3308 356 3361 erat
379 3298 464 3381 quod
490 3296 608 3359 auxilia
631 3307 746 3359 contra
766 3316 802 3359 se
827 3296 981 3360 Treveris
1007 3298 1190 3376 miserant;
1213 3298 1254 3361 al·
1314 3282 1315 3299 ¹

204 3410 283 3474 tera,
316 3418 358 3462 ne
391 3400 432 3461 ad
469 3418 526 3460 eos
560 3396 736 3459 Ambiorix
770 3409 938 3479 receptum
976 3399 1123 3462 haberet.
1171 3396 1253 3463 2Ηίε
1313 3468 1314 3485 ἒ

204 3500 395 3564 constitutis
426 3498 531 3573 rebus,
559 3498 693 3579 paulum
722 3519 821 3579 supra
847 3519 921 3562 eum
950 3499 1058 3562 locum
1086 3520 1153 3582 quo
1181 3511 1253 3564 ante
1313 3486 1314 3571 l

204 3596 383 3664 exercitum
418 3599 607 3662 traduxerat
639 3595 746 3660 facere
780 3610 914 3680 pontem
950 3600 1102 3665 instituit.
1168 3602 1251 3664 Nota
1313 3584 1314 3665 l

206 3713 303 3782 atque
330 3700 483 3762 instituta
509 3699 645 3770 ratione,
676 3718 796 3779 magno
824 3700 962 3765 militum
993 3702 1111 3776 studi0,
1142 3702 1251 3783 paucis

157 3819 188 3869 35
206 3801 322 3862 diebus
347 3820 430 3880 opus
456 3799 607 3861 efficitur.
653 3796 789 3862 3Firmo
812 3801 857 3863 in
872 3802 1026 3865 Treveris
1051 3804 1092 3865 ad
1119 3816 1249 3884 pontem

207 3899 369 3980 praesidio
393 3900 577 3973 relictoue
601 3899 675 3981 quis
697 3900 808 3963 abbis
830 3901 940 3966 subito
966 3912 1073 3965 motus
1097 3915 1249 3979 oreretur,
