2667 4159
199 133 256 194 132
511 112 620 176 Coesar
634 124 761 175 relatam·
777 124 808 174 lo
827 113 925 174 Catil.
1118 108 1245 179 [Casan
1312 142 1313 159 ,

193 323 381 372 nostrorum
407 309 504 369 boum
530 308 685 369 cornibus
706 302 827 369 diflert.
877 308 970 369 Haec
995 308 1146 369 studiose
1171 330 1248 371 con-

193 411 314 492 quisita
330 412 370 471 ab
387 408 487 471 labris
504 420 641 489 argento
658 408 931 483 circumcludunt,
947 419 1045 490 atque
1063 408 1096 469 in
1115 410 1248 491 amplis·
1312 442 1313 489 1

193 512 284 572 simis
301 512 405 591 epulis
422 531 481 592 pro
497 511 623 590 poculis
641 521 788 573 utuntur.

237 730 285 792 29.
313 711 443 783 Caesar,
461 722 634 791 postquam
661 732 719 791 per
745 710 850 773 Ubios
872 709 1095 790 exploratores
1115 732 1249 794 compe·
1312 766 1313 781 ἶ

161 813 232 897 5rit
263 814 390 874 Suevos
419 832 492 873 sese
523 813 556 872 iu
586 812 685 872 silvas
714 812 886 891 recepisse,
915 812 1056 892 inopiam
1088 810 1247 875 frumenti

193 914 316 975 veritus
339 913 449 993 (quod,
471 923 506 973 ut
530 932 630 991 supra
649 911 956 986 demonstravimus,
978 914 1113 977 minime
1134 935 1249 977 omnes
1312 930 1313 977 t

193 1013 351 1076 Germani
375 1013 595 1093 agriculturae
619 1013 776 1092 student),
801 1012 973 1076 constituit
998 1035 1062 1075 non
1094 1016 1248 1097 progredi
1312 998 1313 1047 ἶ

191 1114 344 1194 longius3
371 1110 460 1187 2sed,
485 1134 526 1174 ue
554 1114 688 1174 omnino
718 1126 841 1175 metum
868 1115 992 1176 reditus
1020 1116 1069 1177 sui
1099 1116 1249 1178 barbaris
1312 1128 1313 1135 ’

193 1215 331 1289 tolleret,
356 1226 454 1295 atque
479 1226 651 1276 uteorum
677 1214 796 1274 auxilia
820 1216 972 1289 tardaret,
997 1217 1135 1277 reducto
1159 1237 1249 1279 exer·

146 1349 174 1384 10
192 1316 268 1387 citu,
292 1327 418 1395 partem
446 1313 590 1374 ultimam
619 1314 740 1394 pontis,
759 1335 842 1394 quae
866 1316 952 1395 ripas
984 1315 1147 1379 Ubiorum
1175 1339 1249 1380 con·
1312 1304 1313 1339 ³

192 1415 352 1495 tingebat,
368 1415 400 1475 in
426 1414 667 1495 longitudinem
693 1415 811 1495 pedum
836 1416 1052 1477 ducentorum
1079 1418 1248 1491 rescindit,

191 1528 292 1598 atque
319 1516 353 1575 in
380 1526 527 1577 extremo
559 1528 660 1595 ponte
692 1516 806 1577 turrim
841 1516 1061 1578 tabulatorum
1094 1529 1248 1599 quattuor

192 1617 374 1690 constituit,
407 1616 674 1698 praesidiumque
709 1617 894 1678 cohortium
927 1617 1100 1679 duodecim
1138 1618 1245 1699 pontis

194 1718 307 1779 tuendi
326 1738 425 1779 causa
449 1717 552 1798 ponit,
572 1716 766 1799 magnisque
783 1738 856 1779 eum
882 1716 990 1779 locum
1009 1718 1245 1780 munitionibus

147 1845 175 1897 15
193 1819 309 1880 firmat.
360 1816 426 1879 3Ei
460 1818 532 1879 loco
565 1819 795 1899 praesidioque
827 1818 862 1882 C.
895 1817 1082 1881 Volcatium
1116 1819 1244 1880 Tullum

193 1920 439 1982 adulescentem
458 1915 633 1999 praefecit;
658 1919 739 2000 ipse,
753 1940 827 1981 cum
845 1931 1064 1981 maturescere
1083 1918 1245 1981 srumeuta

194 2020 386 2101 inciperent,
412 2020 453 2081 ad
478 2020 599 2081 bellum
624 2020 829 2101 Ambiorigis
855 2018 1032 2100 profectus,
1057 2040 1115 2101 per
1140 2020 1246 2081 Ardu-

195 2143 312 2184 ennam
329 2121 442 2183 siluam
454 2132 652 2203 —quaeest
669 2121 770 2182 totius
786 2121 911 2183 Galliae
929 2120 1078 2195 maxima,
1093 2132 1193 2203 atque
1209 2120 1246 2181 ab

195 2224 274 2303 ripis
297 2224 406 2285 Rheni
427 2222 617 2306 finibqsque
637 2222 855 2284 Treverorum
873 2222 912 2283 ad
938 2221 1077 2283 Nervios
1098 2222 1247 2303 pertinet,

146 2358 178 2394 20
195 2325 394 2406 milibusque
411 2323 551 2405 amplius
569 2322 760 2405 quingentis
785 2323 816 2383 in
843 2323 1083 2403 longitudinem
1108 2334 1249 2403 patet—

194 2424 257 2489 4L.
281 2426 464 2489 Minucium
492 2426 638 2487 Basilum
665 2444 739 2485 cum
766 2423 854 2485 omui
882 2422 1028 2505 equitatu
1058 2422 1248 2502 praemittit,

196 2529 223 2590 si
247 2528 325 2610 quid
350 2528 518 2590 celeritate
547 2524 672 2589 itineris
697 2536 796 2607 atque
820 2523 1066 2605 opportunitate
1092 2523 1248 2604 temporis

197 2630 354 2711 proficere
378 2629 502 2710 possit;
530 2637 643 2690 monet
667 2638 702 2687 ut
728 2626 821 2705 ignes
847 2625 1020 2686 incastris
1049 2623 1119 2686 lieri
1144 2622 1250 2711 prohi-

198 2731 281 2801 beat,
300 2751 341 2791 ue
365 2750 428 2811 qua
444 2730 515 2810 ejus
532 2729 694 2789 adventus
720 2725 832 2807 procul
857 2724 1054 2805 significatio
1077 2724 1154 2787 liat:
1179 2744 1250 2786 sese

150 2860 178 2912 ²5
198 2828 371 2893 confestim
390 2830 544 2912 subsequi
562 2829 652 2891 dicit.

245 2949 295 3009 30.
322 2932 450 2992 Basilus
475 2942 509 2992 ut
534 2931 730 3010 imperatum
757 2937 808 2989 est
832 2924 930 2989 lacit:
954 2925 1103 2988 celeriter
1127 2936 1252 2987 contra·

200 3053 263 3114 que
279 3032 424 3094 omnium
446 3032 632 3112 opinionem
651 3026 804 3091 conlecto
825 3028 949 3099 itinere,
968 3027 1089 3088 multos
1112 3025 1145 3087 iu
1164 3025 1249 3106 agris

201 3133 409 3214 inopinantes
433 3134 671 3214 deprehendit;
696 3153 806 3196 eorum
833 3127 954 3191 indicio
977 3128 1015 3187 ad
1042 3126 1150 3206 ipsum
1176 3125 1251 3186 Am·

201 3235 360 3315 biorigem
388 3235 568 3318 contendit,
594 3256 658 3317 quo
686 3236 718 3296 in
747 3234 818 3295 loco
842 3250 918 3292 cum
947 3228 1059 3308 paucis
1084 3227 1248 3308 equitibus

152 3365 183 3416 30
201 3356 274 3397 esse
302 3336 479 3397 dicebatur.
524 3333 691 3397 2Multum
716 3356 790 3397 cum
821 3334 851 3395 in
878 3329 1030 3393 omnibus
1056 3328 1155 3389 rebus
1185 3339 1247 3389 tum

202 3435 233 3496 in
252 3456 287 3497 re
303 3436 435 3497 militari
460 3448 569 3516 potest
593 3434 732 3498 fortuna.
782 3435 867 3497 Nam
887 3434 972 3495 sicut
995 3449 1116 3510 magno
1134 3428 1249 3491 accidit

202 3557 291 3609 casu,
309 3549 344 3597 ut
363 3536 393 3596 in
420 3538 525 3617 ipsum
551 3538 719 3598 incautum
739 3536 835 3599 etiam
862 3545 961 3617 atque
985 3533 1182 3613 imparatum
1208 3530 1249 3591 iu-

203 3636 337 3709 cideret,
366 3637 522 3717 priusque
553 3638 624 3717 ejus
656 3638 817 3699 aduentus
846 3636 887 3697 ab
911 3635 1063 3697 omnibus
1087 3633 1249 3695 videretur

204 3755 300 3815 quam
326 3732 412 3797 lama
435 3757 473 3797 ac
499 3738 632 3797 nuntius
656 3734 847 3809 adferretur,
871 3735 918 3797 sic
943 3756 1082 3815 magnae
1106 3732 1170 3798 fuit
1193 3730 1249 3793 for-

157 3856 187 3907 35
206 3846 314 3907 tunae,
330 3836 418 3895 omni
444 3834 573 3895 militari
600 3836 819 3897 instrumento
836 3838 921 3917 quod
947 3837 1068 3898 circum
1095 3856 1131 3897 se
1155 3835 1248 3897 lrabe-
