2667 4159
169 238 212 300 66
509 236 647 300 Crassus
671 238 706 298 in
730 236 924 317 Aquitania.
1155 251 1272 320 [CAESAR

1323 386 1324 409 i

213 448 330 491 omnes
362 428 449 491 idem
475 428 601 492 sentire
626 428 800 503 intellexit,
828 439 998 509 posterum
1030 428 1119 490 diem
1143 448 1272 509 pugnae
1323 412 1324 465 3

213 525 398 588 constituit.
1323 578 1324 609 ,

258 639 306 700 24
341 622 450 685 Prima
480 622 562 697 luce,
596 623 767 704 productis
807 624 960 685 omnibus
1000 622 1113 704 copiis
1151 621 1274 704 duplici

212 719 284 781 acie
308 719 474 796 instituta,
493 720 623 782 auxiliis
648 721 682 782 in
707 720 849 783 mediam
874 720 979 783 aciem
1005 720 1174 801 conjectis,
1191 718 1274 801 quid

186 816 328 888 5hostes
348 817 478 879 consilii
498 827 658 899 caperent
679 817 902 899 exspectabat.
952 814 1033 891 ²Illi,
1052 817 1116 879 etsi
1138 827 1276 898 propter

213 913 464 976 multitudinem
497 925 531 977 et
563 925 712 977 veterem
737 914 817 977 belli
840 915 978 997 gloriam
1003 914 1276 997 paucitatemque

213 1021 403 1073 nostrorum
443 1032 479 1073 se
512 1021 586 1074 tuto
618 1012 833 1075 dimicaturos
875 1012 1119 1084 existimabant,
1158 1020 1275 1074 tamen

213 1108 319 1169 tutius
343 1128 417 1171 esse
449 1110 706 1184 arbitrabantur,
733 1108 879 1172 obsessis
904 1108 975 1185 viis
1009 1117 1192 1172 commeatu
1225 1108 1278 1171 in-

213 1205 369 1279 tercluso,
388 1206 460 1269 sine
481 1207 547 1268 ullo
571 1206 709 1269 vulnere
731 1206 872 1269 victoria
888 1206 1007 1287 potiri;
1031 1215 1073 1281 et,
1093 1206 1120 1268 si
1136 1214 1277 1287 propter

173 1324 202 1359 ιο
214 1300 358 1382 inopiam
388 1304 435 1365 rei
459 1302 696 1367 frumentariae
732 1303 876 1367 Romani
901 1322 975 1366 sese
1007 1304 1153 1384 recipere
1175 1322 1276 1385 coep-

213 1398 329 1473 issent,
355 1400 533 1481 impeditos
557 1402 590 1463 in
615 1401 748 1483 agmine
779 1411 812 1464 et
844 1402 906 1463 sub
931 1400 1070 1464 sarcinis
1091 1400 1276 1463 infirmiore

213 1497 323 1560 animo
354 1500 473 1560 adoriri
504 1500 710 1581 cogitabant.
770 1499 846 1562 Hoc
878 1498 1017 1561 consilio
1048 1498 1193 1579 probam,
1230 1500 1276 1561 ab

213 1594 353 1657 ducibus
397 1597 569 1676 productis
614 1598 843 1659 Romanorum
882 1596 995 1677 copiis,
1035 1612 1109 1657 sese
1151 1596 1276 1658 castris

213 1692 384 1755 tenebant.
430 1690 525 1756 3Hac
545 1714 580 1755 re
603 1703 789 1775 perspecta,
815 1691 966 1767 CrassuS,
991 1710 1067 1755 cum
1093 1709 1152 1753 sua
1174 1710 1278 1755 cunc-

173 1802 200 1855 15
214 1781 342 1844 tatione
369 1790 469 1862 atque
497 1780 652 1862 opinione
679 1782 806 1845 timoris
838 1784 952 1847 hostes
983 1794 1115 1847 nostros
1146 1782 1276 1849 milites

214 1877 389 1939 alacriores
424 1879 465 1939 ad
502 1880 717 1959 pugnandum
749 1876 952 1955 effecissent,
971 1890 1083 1963 ¹atque
1121 1880 1275 1944 omnium

214 1994 315 2037 voces
338 1974 541 2049 audirentur,
565 1977 751 2056 exspectari
775 1977 899 2039 diutius
923 1998 989 2040 non
1014 1988 1167 2060 oportere
1191 1980 1276 2061 quin

214 2072 255 2133 ad
279 2080 389 2133 castra
412 2071 523 2146 iretur,
546 2073 741 2136 cohortatus
766 2094 853 2151 suos,
872 2076 1026 2139 omnibus
1048 2076 1275 2158 cupientibus,

214 2168 255 2231 ad
275 2168 422 2230 hostium
440 2179 549 2231 castra
564 2171 748 2235 contendit.

171 2287 205 2324 20
260 2279 308 2345 25.
343 2265 494 2328 ibicum
522 2267 576 2329 alii
600 2265 708 2331 fossas
736 2269 952 2351 complerent,
977 2272 1033 2335 alii
1059 2272 1173 2335 multis
1197 2273 1277 2335 telis

216 2362 377 2444 conjectis
401 2360 595 2427 defensores
614 2366 700 2428 vallo
724 2368 1032 2451 munitionibusque
1055 2370 1277 2451 depellerent,

213 2460 452 2540 auxiliaresque
476 2457 610 2540 (quibus
633 2458 675 2520 ad
698 2479 843 2541 pugnam
868 2478 936 2521 non
961 2458 1100 2519 multum
1128 2455 1277 2519 Crassus

213 2558 414 2635 confidebat)
448 2554 613 2635 lapidibus
645 2554 788 2637 telisque
826 2554 1119 2618 subministrandis
1158 2563 1194 2617 et
1235 2555 1277 2616 ad

213 2676 370 2738 aggerem
392 2652 576 2733 cespitibus
604 2652 852 2733 comportandis
877 2652 1023 2733 speciem
1047 2660 1147 2732 atque
1170 2651 1280 2733 opini-

169 2776 199 2828 25
214 2774 311 2817 onem
335 2750 556 2833 pugnantium
582 2751 802 2831 praeberent3
826 2746 922 2812 2cum
948 2749 1027 2811 item
1053 2748 1093 2810 ab
1118 2748 1279 2810 hostibus

214 2859 409 2914 constanter
430 2868 468 2911 ac
500 2868 565 2911 non
590 2848 708 2910 timide
735 2856 948 2928 pugnaretur,
975 2845 1107 2927 telaque
1132 2865 1173 2907 ex
1201 2844 1279 2908 loco

214 2948 385 3029 superiore
409 2946 511 3008 missa
534 2965 601 3008 non
621 2942 747 3007 frustra
763 2944 962 3017 acciderent,
982 2942 1111 3025 equites
1136 2942 1280 3005 circum-

214 3047 269 3109 itis
293 3044 438 3107 hostium
464 3042 581 3105 castris
605 3041 728 3106 Crasso
752 3041 1038 3117 renuntiaverunt,
1063 3040 1278 3101 non'eadem

213 3163 288 3207 esse
326 3140 500 3223 diligentia
543 3138 585 3203 ab
629 3141 814 3202 decumana
835 3148 953 3220 porta
987 3146 1095 3201 castra
1133 3137 1279 3211 munita,
1312 3113 1318 3175 l

170 3265 202 3313 30
213 3239 411 3321 facilemque
428 3238 554 3300 aditum
574 3237 706 3301 habere.
888 3232 891 3241 Α

259 3339 307 3400 26.
345 3336 495 3409 Crassus,
520 3334 671 3415 equitum
695 3331 883 3415 praefectos
908 3333 1101 3396 cohortatus
1125 3340 1162 3393 ut
1188 3350 1281 3413 mag·

214 3437 266 3498 nis
298 3432 453 3516 praemiis
483 3430 848 3512 pollicitationibusque
872 3449 949 3493 suos
974 3430 1168 3502 excitarent,
1195 3428 1278 3510 quid

215 3533 286 3596 heri
302 3532 384 3594 velit
402 3529 560 3592 ostendit.
607 3526 690 3602 2ΙΙῙί,
709 3538 746 3590 ut
763 3538 833 3590 erat
854 3528 1061 3608 imperatum,
1079 3525 1210 3588 eductis
1238 3526 1280 3587 iis

214 3629 407 3695 cohortibus
439 3648 523 3709 quae
554 3626 719 3706 praesidio
751 3625 869 3688 castris
901 3624 1037 3687 relictae
1068 3622 1205 3685 intritae
1235 3622 1279 3685 ab

172 3751 201 3802 35
215 3728 328 3791 labore
359 3734 461 3798 erant,
488 3733 522 3787 et
553 3720 705 3803 longiore
737 3722 855 3784 itinere
889 3720 1133 3793 circumductis
1159 3740 1203 3782 ne
1237 3741 1280 3783 ex

215 3824 362 3887 hostium
380 3821 499 3883 castris
520 3819 670 3900 conspici
692 3828 839 3900 possent,
858 3818 1005 3880 omnium
1030 3816 1135 3880 oculis
1156 3818 1279 3880 menti·
