2667 4159
499 108 565 177 'Tae
586 115 766 177 Helvetian
793 115 884 197 War„
1125 82 1259 198 'lensia

201 292 332 391 semper
358 308 446 372 alere
474 316 507 371 et
532 307 655 371 circum
681 327 719 370 se
742 306 873 383 habere,
892 327 999 389 neque
1024 307 1131 389 solum
1156 307 1255 382 domi,

201 408 259 469 sed
275 406 377 469 etiam
394 406 481 487 apud
496 404 656 467 finitimas
677 403 829 466 civitates
852 403 988 487 largiter
1012 424 1134 485 posse;
1156 417 1257 487 atque

200 502 300 585 hujus
327 502 499 585 potentiae
527 521 628 565 causa
658 510 798 563 matrem
827 500 860 562 in
890 500 1096 584 Biturigibus
1129 503 1257 600 hoprini

201 601 266 664 illic
294 600 500 663 nobilissimo
528 619 566 663 ac
593 597 829 681 potentissimo
860 598 1050 675 collocasse,
1081 601 1190 681 ipsum
1217 623 1258 663 ex
1321 595 1322 598 '

174 698 370 774 5Helvetiis
394 717 529 761 uxorem
554 695 687 771 habere,
705 716 852 759 sororem
877 715 916 759 ex
941 706 1046 759 matre
1070 706 1103 759 et
1127 698 1259 779 propin-

200 816 281 878 quas
309 816 386 858 suas
413 805 554 878 nuptum
581 793 615 857 in
642 792 724 856 alias
756 792 908 857 civitates
939 794 1129 859 collocasse.
1177 792 1259 857 ⁵Fa-

202 914 278 957 vere
295 904 328 956 et
346 914 467 975 cupere
486 892 654 957 Helvetiis
671 901 808 973 propter
824 911 897 954 eam
914 892 1131 965 adfinitatem,
1146 893 1257 955 odisse

201 991 300 1055 etiam
325 1011 386 1054 suo
410 990 544 1055 nomine
566 988 744 1054 Caesarem
767 999 800 1052 et
826 988 1006 1064 Romanos,
1030 992 1118 1072 quod
1142 1010 1257 1053 eorum
1321 1015 1322 1034 2

201 1090 347 1153 adventu
370 1089 522 1172 potentia
544 1087 619 1171 ejus
642 1087 824 1161 deminuta,
841 1096 876 1150 et
893 1086 1081 1150 Divitiacus
1103 1085 1208 1150 frater
1224 1088 1258 1150 in

161 1209 191 1245 10
202 1188 375 1270 antiquum
406 1186 515 1250 locum
547 1185 675 1269 gratiae
706 1194 806 1267 atque
833 1186 969 1247 honoris
997 1186 1041 1247 sit
1069 1186 1257 1248 restitutus.

157 1294 160 1301 “
201 1282 257 1348 6Si
281 1285 358 1368 quid
382 1284 511 1348 accidat
537 1283 710 1357 Romanis
728 1302 892 1345 summam
916 1283 950 1344 in
975 1302 1068 1363 spem
1094 1282 1261 1363 per-Hel·
1321 1277 1322 1284 '

202 1382 309 1445 vetios
333 1382 428 1465 regni
451 1381 626 1445 obtinendi
648 1382 765 1444 venire
778 1400 786 1456 ;
812 1380 952 1462 imperio
975 1380 1088 1462 populi
1113 1380 1260 1443 Romani
1321 1397 1322 1444 ἕ

202 1501 269 1543 non
301 1480 400 1543 modo
431 1480 473 1543 de
503 1498 617 1563 regno,
641 1478 703 1541 sed
733 1479 833 1541 etiam
865 1478 907 1541 de
936 1478 976 1541 ea
1007 1499 1106 1561 quam
1136 1479 1258 1540 habeat

202 1578 317 1660 gratia,
349 1574 546 1659 desperare’
593 1572 817 1657 ⁷Reperiebat
856 1577 957 1639 etiam
997 1576 1030 1638 in
1069 1578 1259 1658 quaerendo
1321 1633 1322 1654 ,

161 1697 190 1750 15
204 1674 335 1751 Caesar,
360 1676 450 1758 quod
473 1674 634 1756 proelium
659 1683 815 1755 equestre
838 1674 1014 1736 adversum
1038 1674 1154 1756 paucis
1180 1684 1259 1735 ante
1321 1683 1322 1696 ¹

203 1773 321 1836 diebus
344 1783 435 1837 esset
458 1769 593 1847 iactum,
611 1771 744 1834 initium
769 1770 842 1852 ejus
865 1768 964 1852 fugae
979 1768 1104 1835 iactum
1122 1790 1141 1832 a
1157 1770 1261 1832 Dum-

203 1871 319 1953 norige
350 1881 450 1955 atque
481 1869 554 1951 ejus
586 1868 917 1951 equitibus—nam
956 1868 1128 1949 equitatui,
1160 1887 1258 1950 quem
1321 1891 1322 1894 ¹

202 1967 325 2032 auxilio
349 1966 482 2031 Caesari
507 1965 642 2029 Haedui
674 1966 842 2040 miserant,
868 1965 1055 2028 Dumnorix
1085 1974 1260 2046 praeerat:
1321 1987 1322 2010 1

203 2086 316 2129 eorum
332 2062 412 2148 fuga
427 2065 589 2147 reliquum
606 2083 681 2127 esse
698 2064 882 2146 equitatum
899 2064 1121 2145 perterritum.

66 2182 71 2193 ·
161 2186 192 2220 20
252 2180 297 2245 19.
332 2162 464 2245 Quibus
491 2162 590 2225 rebus
618 2161 773 2243 cognitis
796 2181 871 2224 cum
899 2161 941 2223 ad
968 2162 1028 2222 has
1055 2161 1259 2241 suspitiones

203 2260 409 2325 certissimae
440 2280 493 2323 res
523 2258 895 2341 accederent,—quod
927 2279 986 2339 per
1016 2259 1100 2321 fines
1138 2259 1260 2340 Sequa-

113 2426 115 2431 ,
204 2378 321 2421 norum
356 2357 531 2421 Helvetios
563 2356 775 2431 traduxisset,
800 2356 888 2438 quod
917 2355 1052 2418 obsides
1083 2356 1172 2417 inter
1201 2376 1259 2417 eos

203 2456 331 2519 dandos
355 2466 513 2529 curasset,
531 2454 619 2538 quod
636 2474 677 2517 ea
694 2453 807 2516 omnia
830 2473 897 2515 non
921 2453 1020 2515 modo
1044 2453 1174 2535 injussu
1199 2474 1259 2515 suo

96 2564 121 2642 ἰ
205 2564 238 2617 et
256 2553 410 2628 civitatis,
429 2551 604 2615 sedetiam
629 2550 851 2613 inscientibus
869 2550 950 2631 ipsis
973 2548 1118 2623 lecisset,
1135 2552 1260 2631 quoda

161 2675 191 2728 25
205 2651 402 2733 magistratu
421 2649 639 2712 Haeduorum
661 2657 884 2723 accusaretur,
895 2637 1032 2723 {satis
1048 2667 1124 2711 esse
1139 2667 1260 2711 causae

203 2749 436 2822 arbitrabatur,
466 2766 568 2829 quare
600 2745 635 2809 in
666 2765 744 2810 eum
769 2755 826 2809 aut
858 2744 930 2827 ipse
968 2736 1257 2820 animadverteret,

204 2855 261 2909 aut
292 2845 462 2909 civitatem
499 2844 765 2908 animadvertere
801 2840 942 2925 juberet.
988 2839 1075 2905 ²His
1105 2843 1260 2905 omnibus

204 2943 303 3006 rebus
335 2962 436 3024 unum
468 2941 686 3025 repugnabat,
718 2941 807 3024 quod
839 2939 999 3003 Divitiaci
1031 2936 1144 3003 fratris
1175 2961 1261 3002 sum·
1320 2935 1321 2992 l

204 3062 293 3105 mum
323 3040 356 3102 in
384 3039 543 3123 populum
572 3040 762 3104 Romanum
789 3036 948 3113 studium,
970 3058 1132 3100 summam
1160 3036 1195 3099 in
1224 3058 1260 3099 se

161 3139 421 3222 30voluntatem,
453 3136 621 3221 egregiam
656 3135 767 3211 fidem,
797 3134 971 3217 justitiam,
1002 3136 1258 3217 temperantiam

204 3212 428 3319 cognovesst:
474 3255 550 3299 nam
594 3254 637 3298 ne
676 3221 749 3316 ejus
787 3232 952 3314 supplicio
994 3231 1153 3295 Divitiaci
1195 3233 1261 3294 ani·

204 3356 293 3397 mum
319 3328 505 3398 offenderet
529 3332 712 3396 verebatur.
759 3327 897 3413 8Itaque
924 3328 1016 3411 prius
1046 3349 1146 3411 quam
1173 3330 1261 3412 quic·

204 3443 301 3505 quam
336 3430 521 3496 conaretur,
559 3419 764 3482 Divitiacum
798 3418 840 3481 ad
875 3437 912 3480 se
943 3416 1052 3481 vocari
1087 3416 1192 3498 jubet,
1226 3427 1260 3480 et

204 3518 407 3603 quotidianis
444 3516 685 3598 interpretibus
728 3535 819 3598 remo
837 3515 874 3589 is,
914 3535 974 3595 per
1013 3513 1048 3578 C.
1089 3513 1258 3579 Valerium

164 3639 191 3691 35
206 3616 392 3691 Procillum,
425 3614 607 3696 principem
656 3613 741 3675 Gall'
853 3603 1031 3687 rovinciae,
1063 3608 1259 3675 familiarem

206 3735 312 3790 suum,
345 3712 397 3777 cui
436 3731 599 3776 summam
638 3710 786 3773 omnium
825 3726 934 3783 renim
972 3709 1071 3771 fidem
1106 3710 1259 3785 habebat,

904 3812 961 3847 Εἴ.
